Trd, 085780.033, 127
Trd, 085780.050, 134
Trd, 085780.783, 131
Trd, 085780.867, 113
Trd, 085780.950, 114
Trd, 085781.833, 118
Trd, 085781.900, 129
Trd, 085782.317, 118
Trd, 085782.467, 118
Trd, 085782.617, 131
Trd, 085782.733, 118
Trd, 085782.967, 136
Trd, 085782.983, 111
Trd, 085783.450, 128
Trd, 085783.483, 122
Trd, 085784.183, 138
Trd, 085784.317, 136
Trd, 085785.067, 139
Trd, 085785.367, 139
Trd, 085785.533, 116
Trd, 085785.850, 131
Trd, 085786.033, 111
Trd, 085786.267, 124
Trd, 085786.283, 107
Trd, 085786.633, 118
Trd, 085786.733, 117
Trd, 085787.283, 116
Trd, 085787.483, 123
Trd, 085787.733, 118
Trd, 085788.050, 95
Trd, 085788.150, 135
Trd, 085788.400, 130
Trd, 085788.850, 138
Trd, 085788.883, 130
Trd, 085789.117, 130
Trd, 085789.317, 129
Trd, 085789.333, 121
Trd, 085789.733, 140
Trd, 085790.000, 140
Trd, 085790.067, 137
Trd, 085790.083, 116
Trd, 085790.100, 106
Trd, 085790.500, 134
Trd, 085790.867, 140
Trd, 085791.150, 125
Trd, 085791.250, 136
Trd, 085791.500, 125
Trd, 085791.900, 125
Trd, 085792.217, 120
Trd, 085792.267, 137
Trd, 085792.483, 135
Trd, 085792.783, 136
Trd, 085793.017, 134
Trd, 085793.583, 140
Trd, 085793.750, 133
Trd, 085793.917, 131
Trd, 085794.400, 86
Trd, 085794.767, 140
Trd, 085795.167, 139
Trd, 085795.250, 131
Trd, 085795.733, 121
Trd, 085795.850, 120
Trd, 085795.867, 119
Trd, 085796.317, 139
Trd, 085796.567, 140
Trd, 085797.367, 140
Trd, 085797.417, 139
Trd, 085797.783, 132
Trd, 085797.900, 140
Trd, 085798.067, 130
Trd, 085798.167, 130
Trd, 085798.400, 139
Trd, 085798.417, 122
Trd, 085798.650, 119
Trd, 085798.833, 112
Trd, 085798.883, 108
Trd, 085799.867, 135
Trd, 085799.933, 132
Trd, 085800.100, 134
Trd, 085800.250, 132
Trd, 085800.700, 139
Trd, 085800.900, 134
Trd, 085800.933, 135
Trd, 085801.167, 116
Trd, 085801.417, 115
Trd, 085802.183, 127
Trd, 085802.383, 103
Trd, 085802.517, 104
Trd, 085802.833, 136
Trd, 085802.967, 140
Trd, 085803.117, 140
Trd, 085803.300, 130
Trd, 085803.533, 129
Trd, 085803.650, 128
Trd, 085803.800, 122
Trd, 085803.817, 104
Trd, 085803.900, 93
Trd, 085804.067, 91
Trd, 085804.117, 131
Trd, 085804.250, 138
Trd, 085804.967, 106
Trd, 085805.000, 105
Trd, 085805.250, 121
Trd, 085805.817, 115
Trd, 085805.967, 132
Trd, 085806.467, 133
Trd, 085806.683, 130
Trd, 085806.717, 123
Trd, 085807.267, 140
Trd, 085807.967, 140
Trd, 085808.017, 140
Trd, 085808.067, 140
Trd, 085808.617, 139
Trd, 085808.633, 138
Trd, 085808.733, 128
Trd, 085809.117, 139
Trd, 085809.367, 136
Trd, 085809.500, 135
Trd, 085809.883, 136
Trd, 085810.083, 136
Trd, 085810.117, 134
Trd, 085810.167, 133
Trd, 085810.317, 137
Trd, 085810.567, 139
Trd, 085810.817, 137
Trd, 085810.900, 123
Trd, 085811.683, 112
Trd, 085811.817, 128
Trd, 085811.867, 127
Trd, 085811.883, 111
Trd, 085811.917, 139
Trd, 085812.150, 124
Trd, 085812.183, 106
Trd, 085812.533, 140
Trd, 085812.583, 140
Trd, 085812.667, 133
Trd, 085813.083, 89
Trd, 085813.133, 87
Trd, 085813.283, 85
Trd, 085813.517, 81
Trd, 085813.850, 86
Trd, 085814.250, 104
Trd, 085814.800, 136
Trd, 085814.883, 106
Trd, 085815.233, 98
Trd, 085815.450, 89
Trd, 085815.567, 99
Trd, 085815.950, 108
Trd, 085816.850, 140
Trd, 085816.967, 139
Trd, 085817.350, 138
Trd, 085817.367, 133
Trd, 085817.633, 136
Trd, 085817.833, 127
Trd, 085818.183, 138
Trd, 085818.283, 129
Trd, 085818.317, 128
Trd, 085818.350, 126
Trd, 085818.617, 140
Trd, 085818.900, 129
Trd, 085819.067, 140
Trd, 085819.117, 140
Trd, 085819.167, 113
Trd, 085819.233, 100
Trd, 085819.317, 136
Trd, 085819.867, 108
Trd, 085820.300, 135
Trd, 085820.383, 129
Trd, 085820.650, 108
Trd, 085820.800, 119
Trd, 085821.067, 100
Trd, 085821.883, 131
Trd, 085821.900, 131
Trd, 085822.383, 139
Trd, 085822.433, 126
Trd, 085822.533, 126
Trd, 085822.600, 124
Trd, 085822.883, 137
Trd, 085822.950, 138
Trd, 085823.917, 140
Trd, 085824.083, 140
Trd, 085824.317, 135
Trd, 085824.833, 118
Trd, 085825.017, 139
Trd, 085825.283, 138
Trd, 085825.367, 130
Trd, 085825.517, 108
Trd, 085825.600, 108
Trd, 085825.983, 140
Trd, 085826.100, 139
Trd, 085826.617, 99
Trd, 085827.017, 124
Trd, 085827.550, 123
Trd, 085827.900, 115
Trd, 085827.983, 109
Trd, 085828.167, 131
Trd, 085828.600, 136
Trd, 085828.633, 115
Trd, 085828.867, 114
Trd, 085828.917, 129
Trd, 085828.967, 104
Trd, 085829.467, 104
Trd, 085829.683, 122
Trd, 085830.133, 138
Trd, 085830.350, 135
Trd, 085830.467, 139
Trd, 085830.883, 134
Trd, 085831.033, 129
Trd, 085831.083, 115
Trd, 085831.100, 110
Trd, 085831.217, 103
Trd, 085831.450, 137
Trd, 085831.800, 140
Trd, 085832.533, 140
Trd, 085832.850, 140
Trd, 085833.150, 136
Trd, 085833.433, 130
Trd, 085833.650, 134
Trd, 085833.783, 139
Trd, 085834.167, 140
Trd, 085834.517, 139
Trd, 085834.617, 140
Trd, 085835.533, 138
Trd, 085835.800, 139
Trd, 085836.050, 138
Trd, 085836.217, 137
Trd, 085836.617, 140
Trd, 085836.650, 139
Trd, 085836.717, 140
Trd, 085837.000, 138
Trd, 085837.333, 140
Trd, 085837.517, 138
Trd, 085837.567, 137
Trd, 085837.583, 131
Trd, 085837.617, 128
Trd, 085837.733, 128
Trd, 085837.783, 124
Trd, 085838.300, 117
Trd, 085838.350, 134
Trd, 085838.383, 117
Trd, 085838.517, 91
Trd, 085838.817, 88
Trd, 085838.900, 92
Trd, 085839.067, 76
Trd, 085839.383, 127
Trd, 085839.450, 115
Trd, 085839.817, 123
Trd, 085840.017, 114
Trd, 085840.300, 113
Trd, 085840.617, 112
Trd, 085840.650, 129
Trd, 085840.783, 117
Trd, 085840.833, 89
Trd, 085841.433, 115
Trd, 085842.317, 140
Trd, 085842.450, 140
Trd, 085842.750, 139
Trd, 085842.983, 104
Trd, 085843.367, 136
Trd, 085843.683, 136
Trd, 085843.967, 135
Trd, 085843.983, 130
Trd, 085844.300, 130
Trd, 085844.417, 129
Trd, 085844.617, 134
Trd, 085844.733, 98
Trd, 085844.883, 86
Trd, 085845.117, 123
Trd, 085845.483, 112
Trd, 085845.883, 122
Trd, 085845.933, 115
Trd, 085846.083, 108
Trd, 085846.367, 114
Trd, 085846.383, 104
Trd, 085846.983, 133
Trd, 085847.200, 132
Trd, 085847.333, 135
Trd, 085847.383, 131
Trd, 085847.483, 131
Trd, 085847.683, 135
Trd, 085847.950, 134
Trd, 085848.300, 140
Trd, 085848.433, 140
Trd, 085848.817, 131
Trd, 085849.183, 138
Trd, 085849.400, 135
Trd, 085849.467, 124
Trd, 085849.733, 140
Trd, 085850.217, 138
Trd, 085850.433, 136
Trd, 085851.117, 140
Trd, 085851.250, 140
Trd, 085851.417, 134
Trd, 085851.467, 138
Trd, 085851.867, 132
Trd, 085852.800, 135
Trd, 085853.333, 134
Trd, 085853.367, 127
Trd, 085853.450, 123
Trd, 085853.733, 140
Trd, 085854.017, 139
Trd, 085854.100, 136
Trd, 085854.233, 128
Trd, 085855.450, 140
Trd, 085855.600, 128
Trd, 085855.750, 130
Trd, 085855.833, 127
Trd, 085856.083, 125
Trd, 085856.333, 138
Trd, 085856.400, 140
Trd, 085856.550, 110
Trd, 085856.700, 111
Trd, 085856.867, 105
Trd, 085857.000, 114
Trd, 085857.117, 107
Trd, 085857.133, 104
Trd, 085857.200, 115
Trd, 085857.283, 119
Trd, 085857.717, 97
Trd, 085857.733, 96
Trd, 085858.217, 140
Trd, 085858.283, 139
Trd, 085858.867, 129
Trd, 085858.917, 123
Trd, 085858.983, 112
Trd, 085859.217, 104
Trd, 085859.533, 106
Trd, 085859.767, 88
Trd, 085860.000, 75
Trd, 085860.417, 96
Trd, 085860.567, 77
Trd, 085860.633, 81
Trd, 085860.700, 106
Trd, 085860.750, 107
Trd, 085861.150, 76
Trd, 085861.333, 116
Trd, 085861.750, 118
Trd, 085861.783, 117
Trd, 085861.983, 134
Trd, 085862.117, 131
Trd, 085862.217, 106
Trd, 085862.633, 74
Trd, 085862.717, 116
Trd, 085862.783, 103
Trd, 085862.900, 98
Trd, 085863.150, 121
Trd, 085863.700, 127
Trd, 085864.083, 125
Trd, 085864.367, 120
Trd, 085864.400, 106
Trd, 085864.533, 132
Trd, 085864.617, 87
Trd, 085865.833, 130
Trd, 085865.850, 131
Trd, 085865.900, 129
Trd, 085866.317, 123
Trd, 085866.367, 105
Trd, 085866.717, 109
Trd, 085866.817, 94
Trd, 085867.067, 120
Trd, 085867.600, 136
Trd, 085867.633, 115
Trd, 085868.150, 138
Trd, 085868.383, 131
Trd, 085868.600, 134
Trd, 085868.667, 132
Trd, 085868.833, 135
Trd, 085869.100, 130
Trd, 085869.233, 125
Trd, 085869.683, 111
Trd, 085869.950, 140
Trd, 085869.983, 125
Trd, 085870.033, 112
Trd, 085870.817, 140
Trd, 085871.367, 140
Trd, 085871.433, 140
Trd, 085871.467, 140
Trd, 085871.633, 140
Trd, 085871.783, 140
Trd, 085871.883, 139
Trd, 085872.033, 135
Trd, 085872.300, 129
Trd, 085872.867, 128
Trd, 085873.100, 113
Trd, 085873.367, 114
Trd, 085873.400, 108
Trd, 085873.733, 123
Trd, 085873.783, 104
Trd, 085873.817, 77
Trd, 085874.033, 105
Trd, 085874.300, 103
Trd, 085874.700, 124
Trd, 085874.817, 116
Trd, 085874.850, 106
Trd, 085875.133, 91
Trd, 085875.367, 134
Trd, 085875.433, 135
Trd, 085875.617, 135
Trd, 085875.750, 132
Trd, 085875.800, 131
Trd, 085876.017, 129
Trd, 085876.533, 136
Trd, 085876.800, 112
Trd, 085876.833, 109
Trd, 085877.050, 136
Trd, 085877.450, 96
Trd, 085877.767, 98
Trd, 085877.917, 129
Trd, 085878.433, 131
Trd, 085879.067, 140
Trd, 085879.183, 137
Trd, 085879.317, 125
Trd, 085879.383, 119
Trd, 085879.700, 122
Trd, 085879.733, 119
Trd, 085880.050, 118
Trd, 085880.100, 111
Trd, 085880.317, 135
Trd, 085880.650, 140
Trd, 085880.833, 138
Trd, 085881.183, 125
Trd, 085881.550, 138
Trd, 085881.833, 114
Trd, 085882.550, 136
Trd, 085882.600, 135
Trd, 085882.767, 117
Trd, 085883.233, 118
Trd, 085883.383, 140
Trd, 085883.783, 131
Trd, 085884.017, 139
Trd, 085884.083, 125
Trd, 085884.117, 105
Trd, 085884.200, 102
Trd, 085884.733, 140
Trd, 085884.950, 139
Trd, 085885.217, 133
Trd, 085885.383, 126
Trd, 085885.667, 118
Trd, 085885.700, 116
Trd, 085885.850, 107
Trd, 085886.567, 139
Trd, 085886.633, 138
Trd, 085887.167, 139
Trd, 085887.333, 137
Trd, 085887.417, 137
Trd, 085887.617, 126
Trd, 085887.983, 122
Trd, 085888.433, 116
Trd, 085888.650, 123
Trd, 085889.167, 121
Trd, 085889.350, 123
Trd, 085889.567, 120
Trd, 085889.583, 119
Trd, 085889.667, 118
Trd, 085889.717, 116
Trd, 085889.933, 123
Trd, 085890.000, 124
Trd, 085890.050, 137
Trd, 085890.350, 113
Trd, 085890.417, 104
Trd, 085890.700, 138
Trd, 085890.717, 96
Trd, 085891.317, 129
Trd, 085891.333, 97
Trd, 085891.433, 89
Trd, 085891.867, 103
Trd, 085891.900, 128
Trd, 085892.067, 85
Trd, 085892.533, 132
Trd, 085893.317, 140
Trd, 085893.333, 140
Trd, 085893.500, 137
Trd, 085893.567, 132
Trd, 085893.750, 140
Trd, 085894.167, 131
Trd, 085894.550, 120
Trd, 085894.817, 110
Trd, 085894.833, 109
Trd, 085894.967, 131
Trd, 085895.267, 136
Trd, 085895.567, 116
Trd, 085895.900, 136
Trd, 085896.067, 135
Trd, 085896.317, 129
Trd, 085896.467, 136
Trd, 085897.050, 140
Trd, 085897.267, 140
Trd, 085897.533, 140
Trd, 085897.750, 108
Trd, 085897.833, 91
Trd, 085897.933, 83
Trd, 085898.033, 71
Trd, 085898.150, 68
Trd, 085898.200, 107
Trd, 085898.333, 102
Trd, 085898.350, 101
Trd, 085898.533, 70
Trd, 085898.817, 79
Trd, 085899.533, 71
Trd, 085899.617, 87
Trd, 085899.733, 67
Trd, 085899.800, 96
Trd, 085899.833, 130
Trd, 085900.050, 126
Trd, 085900.383, 140
Trd, 085901.000, 140
Trd, 085901.317, 140
Trd, 085901.617, 140
Trd, 085902.750, 140
Trd, 085902.850, 140
Trd, 085902.867, 140
Trd, 085903.350, 140
Trd, 085903.617, 139
Trd, 085903.683, 139
Trd, 085903.817, 132
Trd, 085903.850, 131
Trd, 085903.983, 125
Trd, 085904.300, 132
Trd, 085904.450, 132
Trd, 085904.700, 131
Trd, 085904.967, 126
Trd, 085905.083, 123
Trd, 085905.167, 137
Trd, 085905.517, 127
Trd, 085906.383, 126
Trd, 085906.400, 128
Trd, 085906.417, 121
Trd, 085906.600, 120
Trd, 085906.683, 119
Trd, 085907.067, 120
Trd, 085907.117, 118
Trd, 085907.250, 115
Trd, 085907.317, 136
Trd, 085907.617, 108
Trd, 085908.083, 125
Trd, 085908.367, 140
Trd, 085908.617, 140
Trd, 085908.750, 118
Trd, 085909.033, 131
Trd, 085909.150, 129
Trd, 085910.033, 128
Trd, 085910.150, 127
Trd, 085910.317, 120
Trd, 085910.417, 136
Trd, 085910.450, 119
Trd, 085910.617, 107
Trd, 085910.983, 133
Trd, 085911.150, 122
Trd, 085911.167, 99
Trd, 085911.217, 135
Trd, 085911.917, 135
Trd, 085912.017, 110
Trd, 085912.117, 136
Trd, 085912.683, 140
Trd, 085913.350, 138
Trd, 085913.933, 138
Trd, 085914.117, 139
Trd, 085914.133, 123
Trd, 085914.300, 114
Trd, 085914.333, 113
Trd, 085914.367, 140
Trd, 085914.467, 110
Trd, 085914.933, 110
Trd, 085915.117, 116
Trd, 085915.183, 118
Trd, 085915.317, 98
Trd, 085915.383, 115
Trd, 085915.733, 139
Trd, 085916.300, 139
Trd, 085916.417, 111
Trd, 085917.200, 139
Trd, 085917.383, 140
Trd, 085917.417, 139
Trd, 085917.783, 139
Trd, 085917.900, 137
Trd, 085918.083, 130
Trd, 085918.400, 124
Trd, 085918.533, 117
Trd, 085918.783, 125
Trd, 085919.517, 125
Trd, 085919.700, 126
Trd, 085919.967, 134
Trd, 085920.167, 135
Trd, 085920.400, 126
Trd, 085920.467, 126
Trd, 085920.567, 139
Trd, 085921.067, 132
Trd, 085921.333, 131
Trd, 085921.367, 132
Trd, 085921.500, 134
Trd, 085921.917, 128
Trd, 085922.200, 125
Trd, 085922.250, 124
Trd, 085922.567, 120
Trd, 085922.700, 136
Trd, 085922.800, 115
Trd, 085922.850, 114
Trd, 085923.183, 137
Trd, 085923.750, 119
Trd, 085923.850, 114
Trd, 085924.233, 127
Trd, 085924.250, 137
Trd, 085924.383, 104
Trd, 085924.550, 100
Trd, 085924.767, 133
Trd, 085924.817, 86
Trd, 085925.000, 134
Trd, 085925.450, 89
Trd, 085925.483, 85
Trd, 085926.000, 111
Trd, 085926.017, 90
Trd, 085926.433, 139
Trd, 085926.517, 137
Trd, 085926.533, 84
Trd, 085926.650, 95
Trd, 085926.667, 83
Trd, 085927.300, 97
Trd, 085927.767, 80
Trd, 085928.200, 97
Trd, 085928.467, 97
Trd, 085928.483, 98
Trd, 085928.500, 96
Trd, 085928.550, 106
Trd, 085929.283, 139
Trd, 085929.583, 133
Trd, 085930.050, 131
Trd, 085930.150, 124
Trd, 085930.350, 117
Trd, 085930.417, 135
Trd, 085930.700, 121
Trd, 085931.033, 138
Trd, 085931.233, 140
Trd, 085931.517, 136
Trd, 085931.550, 129
Trd, 085932.283, 135
Trd, 085932.533, 136
Trd, 085932.733, 136
Trd, 085933.017, 135
Trd, 085933.417, 140
Trd, 085933.433, 139
Trd, 085933.917, 139
Trd, 085934.100, 139
Trd, 085934.133, 137
Trd, 085934.400, 140
Trd, 085934.483, 119
Trd, 085934.700, 111
Trd, 085934.983, 112
Trd, 085935.100, 119
Trd, 085935.633, 140
Trd, 085935.650, 131
Trd, 085935.833, 137
Trd, 085935.967, 129
Trd, 085936.450, 128
Trd, 085936.500, 140
Trd, 085936.517, 120
Trd, 085937.117, 122
Trd, 085937.250, 135
Trd, 085937.283, 117
Trd, 085938.067, 140
Trd, 085938.117, 122
Trd, 085938.217, 118
Trd, 085938.233, 99
Trd, 085938.667, 116
Trd, 085939.267, 125
Trd, 085939.367, 120
Trd, 085939.450, 139
Trd, 085939.717, 121
Trd, 085940.367, 140
Trd, 085940.467, 140
Trd, 085940.950, 140
Trd, 085941.667, 140
Trd, 085941.900, 140
Trd, 085941.950, 140
Trd, 085942.133, 136
Trd, 085942.467, 130
Trd, 085942.867, 140
Trd, 085942.900, 131
Trd, 085943.767, 123
Trd, 085943.950, 115
Trd, 085944.250, 118
Trd, 085944.267, 114
Trd, 085944.283, 113
Trd, 085944.683, 140
Trd, 085944.833, 138
Trd, 085944.867, 135
Trd, 085945.000, 120
Trd, 085945.400, 109
Trd, 085945.450, 101
Trd, 085945.517, 95
Trd, 085946.383, 112
Trd, 085946.650, 108
Trd, 085946.767, 103
Trd, 085947.217, 119
Trd, 085947.233, 120
Trd, 085947.450, 121
Trd, 085947.867, 74
Trd, 085948.017, 73
Trd, 085948.133, 80
Trd, 085948.500, 95
Trd, 085948.533, 93
Trd, 085948.633, 123
Trd, 085948.883, 125
Trd, 085948.950, 129
Trd, 085949.150, 101
Trd, 085949.250, 133
Trd, 085949.383, 122
Trd, 085949.733, 121
Trd, 085949.767, 120
Trd, 085949.900, 132
Trd, 085950.450, 134
Trd, 085950.533, 128
Trd, 085951.300, 140
Trd, 085951.583, 131
Trd, 085951.600, 130
Trd, 085951.883, 137
Trd, 085951.900, 119
Trd, 085951.967, 111
Trd, 085952.383, 108
Trd, 085952.467, 105
Trd, 085952.650, 103
Trd, 085952.700, 71
Trd, 085952.750, 68
Trd, 085953.100, 140
Trd, 085953.217, 139
Trd, 085953.400, 128
Trd, 085953.517, 120
Trd, 085953.733, 140
Trd, 085953.817, 132
Trd, 085954.150, 126
Trd, 085954.383, 97
Trd, 085955.200, 99
Trd, 085955.533, 100
Trd, 085955.600, 139
Trd, 085955.633, 94
Trd, 085956.017, 95
Trd, 085956.633, 139
Trd, 085956.833, 138
Trd, 085956.883, 128
Trd, 085957.167, 126
Trd, 085958.067, 122
Trd, 085958.083, 121
Trd, 085958.333, 101
Trd, 085958.567, 140
Trd, 085958.950, 125
Trd, 085959.000, 106
Trd, 085959.033, 100
Trd, 085959.167, 101
Trd, 085959.400, 100
Trd, 085959.500, 97
Trd, 085959.683, 112
Trd, 085960.183, 139
Trd, 085960.767, 140
Trd, 085961.133, 140
Trd, 085961.417, 139
Trd, 085961.467, 116
Trd, 085961.500, 115
Trd, 085961.783, 139
Trd, 085962.000, 132
Trd, 085962.467, 134
Trd, 085962.650, 116
Trd, 085962.883, 139
Trd, 085962.983, 121
Trd, 085963.033, 126
Trd, 085963.133, 116
Trd, 085963.167, 140
Trd, 085963.183, 115
Trd, 085963.650, 123
Trd, 085964.367, 140
Trd, 085964.433, 138
Trd, 085964.900, 139
Trd, 085965.017, 138
Trd, 085965.033, 136
Trd, 085965.450, 138
Trd, 085965.833, 135
Trd, 085965.950, 131
Trd, 085966.000, 139
Trd, 085966.050, 118
Trd, 085966.283, 109
Trd, 085966.400, 132
Trd, 085966.633, 128
Trd, 085967.117, 105
Trd, 085967.133, 103
Trd, 085967.233, 101
Trd, 085967.867, 129
Trd, 085967.933, 119
Trd, 085968.267, 99
Trd, 085968.467, 130
Trd, 085968.483, 101
Trd, 085968.983, 110
Trd, 085969.233, 110
Trd, 085970.083, 111
Trd, 085970.117, 110
Trd, 085970.133, 94
Trd, 085970.200, 108
Trd, 085970.617, 111
Trd, 085970.833, 105
Trd, 085971.000, 93
Trd, 085971.267, 101
Trd, 085971.367, 120
Trd, 085971.950, 140
Trd, 085972.117, 139
Trd, 085972.233, 140
Trd, 085972.317, 138
Trd, 085972.400, 137
Trd, 085972.633, 130
Trd, 085972.650, 116
Trd, 085972.767, 120
Trd, 085973.083, 115
Trd, 085973.217, 108
Trd, 085973.317, 69
Trd, 085973.467, 117
Trd, 085973.550, 89
Trd, 085973.917, 94
Trd, 085974.000, 95
Trd, 085974.167, 89
Trd, 085974.900, 96
Trd, 085975.567, 114
Trd, 085975.583, 119
Trd, 085975.617, 96
Trd, 085975.850, 89
Trd, 085976.317, 91
Trd, 085976.533, 119
Trd, 085976.550, 121
Trd, 085976.883, 132
Trd, 085976.917, 131
Trd, 085977.433, 126
Trd, 085977.483, 103
Trd, 085977.633, 108
Trd, 085977.683, 100
Trd, 085978.150, 100
Trd, 085978.450, 111
Trd, 085978.733, 139
Trd, 085979.083, 132
Trd, 085979.400, 112
Trd, 085979.767, 108
Trd, 085979.883, 106
Trd, 085980.300, 130
Trd, 085980.617, 140
Trd, 085980.683, 122
Trd, 085981.217, 117
Trd, 085981.833, 139
Trd, 085982.150, 119
Trd, 085982.567, 139
Trd, 085982.650, 136
Trd, 085982.933, 129
Trd, 085983.017, 128
Trd, 085983.200, 132
Trd, 085983.233, 138
Trd, 085983.517, 139
Trd, 085983.617, 134
Trd, 085983.900, 134
Trd, 085984.000, 133
Trd, 085984.133, 131
Trd, 085984.283, 134
Trd, 085984.367, 132
Trd, 085984.917, 137
Trd, 085985.400, 136
Trd, 085985.567, 135
Trd, 085985.700, 132
Trd, 085985.800, 124
Trd, 085986.217, 117
Trd, 085986.650, 125
Trd, 085986.817, 120
Trd, 085987.167, 134
Trd, 085987.217, 115
Trd, 085987.900, 139
Trd, 085987.983, 131
Trd, 085988.150, 136
Trd, 085988.267, 127
Trd, 085988.300, 139
Trd, 085989.033, 139
Trd, 085989.100, 135
Trd, 085989.183, 121
Trd, 085989.550, 138
Trd, 085989.850, 139
Trd, 085989.950, 132
Trd, 085990.050, 139
Trd, 085990.683, 132
Trd, 085990.917, 127
Trd, 085991.567, 139
Trd, 085991.617, 126
Trd, 085991.650, 120
Trd, 085991.850, 119
Trd, 085992.067, 119
Trd, 085992.383, 120
Trd, 085992.817, 138
Trd, 085993.800, 140
Trd, 085993.833, 136
Trd, 085994.150, 136
Trd, 085994.167, 137
Trd, 085994.233, 136
Trd, 085994.250, 131
Trd, 085994.300, 129
Trd, 085994.900, 137
Trd, 085995.200, 130
Trd, 085995.300, 123
Trd, 085995.383, 131
Trd, 085995.467, 123
Trd, 085995.700, 98
Trd, 085995.833, 75
Trd, 085995.850, 68
Trd, 085996.467, 132
Trd, 085996.500, 126
Trd, 085996.550, 135
Trd, 085996.817, 119
Trd, 085996.950, 118
Trd, 085997.167, 81
Trd, 085997.817, 139
Trd, 085998.117, 134
Trd, 085998.167, 133
Trd, 085998.367, 132
Trd, 085998.417, 128
Trd, 085998.483, 127
Trd, 085998.717, 126
Trd, 085999.183, 108
Trd, 085999.333, 110
Trd, 085999.400, 118
Trd, 085999.417, 102
Trd, 085999.667, 110
Trd, 086000.033, 95
Trd, 086000.100, 108
Trd, 086000.117, 109
Trd, 086000.967, 92
Trd, 086000.983, 130
Trd, 086001.100, 87
Trd, 086001.433, 107
Trd, 086001.767, 116
Trd, 086002.067, 114
Trd, 086002.200, 138
Trd, 086002.550, 109
Trd, 086002.683, 108
Trd, 086002.883, 111
Trd, 086003.317, 87
Trd, 086003.433, 139
Trd, 086003.617, 85
Trd, 086003.833, 87
Trd, 086003.867, 91
Trd, 086004.267, 140
Trd, 086004.333, 84
Trd, 086004.450, 115
Trd, 086004.917, 138
Trd, 086005.133, 125
Trd, 086005.467, 102
Trd, 086005.617, 101
Trd, 086005.717, 101
Trd, 086006.283, 136
Trd, 086006.667, 124
Trd, 086006.967, 122
Trd, 086007.033, 120
Trd, 086007.333, 134
Trd, 086007.400, 116
Trd, 086007.467, 106
Trd, 086007.850, 126
Trd, 086007.883, 120
Trd, 086008.133, 91
Trd, 086008.450, 98
Trd, 086008.933, 139
Trd, 086009.267, 99
Trd, 086009.483, 108
Trd, 086009.550, 93
Trd, 086009.733, 92
Trd, 086009.783, 140
Trd, 086010.000, 90
Trd, 086010.217, 140
Trd, 086010.400, 139
Trd, 086010.467, 138
Trd, 086010.483, 129
Trd, 086010.983, 117
Trd, 086011.383, 113
Trd, 086011.433, 97
Trd, 086011.633, 80
Trd, 086011.700, 78
Trd, 086012.350, 138
Trd, 086012.500, 112
Trd, 086012.517, 111
Trd, 086012.883, 107
Trd, 086013.150, 97
Trd, 086013.400, 108
Trd, 086013.517, 81
Trd, 086013.783, 115
Trd, 086013.933, 104
Trd, 086014.400, 123
Trd, 086014.417, 104
Trd, 086014.433, 103
Trd, 086014.517, 125
Trd, 086014.783, 109
Trd, 086015.350, 132
Trd, 086015.933, 139
Trd, 086016.167, 138
Trd, 086016.467, 134
Trd, 086017.267, 135
Trd, 086017.950, 140
Trd, 086018.117, 140
Trd, 086018.183, 135
Trd, 086018.400, 131
Trd, 086018.467, 128
Trd, 086019.200, 132
Trd, 086019.400, 132
Trd, 086019.633, 129
Trd, 086019.750, 129
Trd, 086019.917, 128
Trd, 086019.967, 127
Trd, 086020.017, 126
Trd, 086020.233, 128
Trd, 086020.267, 129
Trd, 086020.550, 121
Trd, 086020.983, 116
Trd, 086021.050, 105
Trd, 086021.067, 92
Trd, 086021.517, 139
Trd, 086021.783, 140
Trd, 086022.017, 140
Trd, 086022.350, 140
Trd, 086022.500, 125
Trd, 086022.617, 103
Trd, 086022.650, 104
Trd, 086023.117, 98
Trd, 086023.267, 93
Trd, 086023.283, 89
Trd, 086023.483, 73
Trd, 086023.550, 103
Trd, 086023.667, 95
Trd, 086023.717, 119
Trd, 086023.800, 131
Trd, 086023.900, 126
Trd, 086024.067, 105
Trd, 086024.133, 80
Trd, 086024.650, 133
Trd, 086025.533, 129
Trd, 086025.667, 126
Trd, 086025.733, 124
Trd, 086025.950, 121
Trd, 086026.450, 105
Trd, 086026.500, 130
Trd, 086026.667, 140
Trd, 086026.683, 104
Trd, 086027.017, 103
Trd, 086027.750, 138
Trd, 086027.917, 136
Trd, 086028.533, 137
Trd, 086028.767, 137
Trd, 086029.183, 129
Trd, 086029.317, 126
Trd, 086029.400, 138
Trd, 086029.667, 124
Trd, 086029.750, 122
Trd, 086029.800, 118
Trd, 086029.817, 115
Trd, 086029.883, 113
Trd, 086030.267, 135
Trd, 086030.350, 93
Trd, 086030.367, 87
Trd, 086030.400, 101
Trd, 086030.417, 87
Trd, 086030.617, 99
Trd, 086030.700, 90
Trd, 086030.933, 124
Trd, 086031.600, 119
Trd, 086031.950, 140
Trd, 086032.350, 138
Trd, 086032.717, 134
Trd, 086032.850, 133
Trd, 086033.117, 130
Trd, 086033.417, 138
Trd, 086034.083, 128
Trd, 086034.283, 139
Trd, 086034.783, 128
Trd, 086034.900, 127
Trd, 086034.983, 114
Trd, 086035.167, 140
Trd, 086035.283, 116
Trd, 086035.333, 109
Trd, 086035.683, 113
Trd, 086035.867, 108
Trd, 086035.917, 114
Trd, 086036.317, 108
Trd, 086036.750, 106
Trd, 086036.917, 115
Trd, 086036.983, 103
Trd, 086037.117, 101
Trd, 086037.467, 113
Trd, 086037.517, 104
Trd, 086037.617, 114
Trd, 086037.883, 116
Trd, 086038.017, 98
Trd, 086038.317, 98
Trd, 086038.517, 97
Trd, 086038.700, 76
Trd, 086039.000, 92
Trd, 086039.250, 106
Trd, 086039.300, 98
Trd, 086039.767, 115
Trd, 086039.883, 76
Trd, 086040.117, 137
Trd, 086040.867, 132
Trd, 086041.100, 123
Trd, 086041.400, 123
Trd, 086041.767, 111
Trd, 086041.867, 109
Trd, 086042.300, 121
Trd, 086042.500, 135
Trd, 086042.667, 110
Trd, 086043.033, 140
Trd, 086043.217, 132
Trd, 086043.550, 122
Trd, 086043.767, 120
Trd, 086043.867, 114
Trd, 086044.033, 113
Trd, 086044.400, 120
Trd, 086044.567, 110
Trd, 086044.700, 118
Trd, 086044.783, 131
Trd, 086044.800, 132
Trd, 086045.017, 112
Trd, 086045.267, 135
Trd, 086045.750, 117
Trd, 086046.233, 114
Trd, 086046.367, 128
Trd, 086046.417, 137
Trd, 086046.500, 114
Trd, 086046.750, 112
Trd, 086046.767, 107
Trd, 086046.983, 94
Trd, 086047.083, 92
Trd, 086047.300, 82
Trd, 086047.833, 136
Trd, 086047.900, 120
Trd, 086048.183, 136
Trd, 086048.217, 122
Trd, 086048.333, 138
Trd, 086048.550, 108
Trd, 086048.600, 94
Trd, 086049.400, 100
Trd, 086049.583, 99
Trd, 086049.700, 98
Trd, 086049.733, 125
Trd, 086050.150, 127
Trd, 086050.467, 125
Trd, 086050.517, 124
Trd, 086050.733, 138
Trd, 086052.300, 140
Trd, 086052.583, 140
Trd, 086052.667, 140
Trd, 086052.750, 140
Trd, 086052.917, 140
Trd, 086053.083, 140
Trd, 086053.383, 137
Trd, 086053.600, 140
Trd, 086053.917, 126
Trd, 086054.100, 120
Trd, 086054.200, 124
Trd, 086054.450, 120
Trd, 086054.467, 116
Trd, 086054.600, 111
Trd, 086054.650, 107
Trd, 086055.433, 140
Trd, 086055.633, 138
Trd, 086055.650, 130
Trd, 086055.683, 125
Trd, 086055.750, 109
Trd, 086055.900, 140
Trd, 086055.967, 107
Trd, 086056.483, 139
Trd, 086056.867, 132
Trd, 086056.917, 131
Trd, 086057.817, 138
Trd, 086058.050, 136
Trd, 086058.233, 137
Trd, 086058.500, 130
Trd, 086058.967, 130
Trd, 086059.083, 129
Trd, 086059.383, 131
Trd, 086059.483, 125
Trd, 086059.550, 131
Trd, 086059.617, 118
Trd, 086059.933, 108
Trd, 086060.117, 131
Trd, 086060.583, 112
Trd, 086060.883, 103
Trd, 086061.200, 108
Trd, 086061.483, 111
Trd, 086061.567, 123
Trd, 086061.650, 104
Trd, 086061.817, 137
Trd, 086061.933, 103
Trd, 086062.067, 102
Trd, 086062.133, 98
Trd, 086062.250, 86
Trd, 086062.817, 107
Trd, 086062.883, 104
Trd, 086063.467, 124
Trd, 086063.617, 125
Trd, 086063.650, 127
Trd, 086063.733, 124
Trd, 086063.883, 139
Trd, 086064.000, 136
Trd, 086064.200, 125
Trd, 086064.400, 110
Trd, 086064.633, 112
Trd, 086064.683, 114
Trd, 086064.917, 131
Trd, 086065.033, 102
Trd, 086065.283, 135
Trd, 086066.433, 127
Trd, 086066.833, 131
Trd, 086066.900, 128
Trd, 086066.933, 132
Trd, 086066.950, 127
Trd, 086067.133, 131
Trd, 086067.767, 130
Trd, 086068.517, 140
Trd, 086068.533, 140
Trd, 086068.617, 136
Trd, 086068.783, 135
Trd, 086069.217, 140
Trd, 086069.367, 135
Trd, 086069.833, 123
Trd, 086069.867, 118
Trd, 086070.167, 116
Trd, 086070.450, 140
Trd, 086070.667, 123
Trd, 086071.167, 139
Trd, 086071.183, 137
Trd, 086071.200, 113
Trd, 086071.367, 105
Trd, 086071.450, 137
Trd, 086071.600, 103
Trd, 086071.917, 105
Trd, 086072.033, 99
Trd, 086072.467, 118
Trd, 086072.983, 136
Trd, 086073.033, 135
Trd, 086073.083, 117
Trd, 086073.550, 119
Trd, 086074.083, 137
Trd, 086074.383, 122
Trd, 086074.483, 138
Trd, 086074.500, 137
Trd, 086074.783, 129
Trd, 086074.967, 119
Trd, 086075.583, 140
Trd, 086076.100, 106
Trd, 086076.233, 118
Trd, 086076.567, 138
Trd, 086076.717, 140
Trd, 086076.850, 140
Trd, 086077.250, 117
Trd, 086077.433, 117
Trd, 086077.717, 140
Trd, 086077.750, 128
Trd, 086077.800, 118
Trd, 086078.000, 140
Trd, 086078.833, 140
Trd, 086078.967, 139
Trd, 086079.267, 137
Trd, 086079.433, 131
Trd, 086079.717, 134
Trd, 086079.983, 131
Trd, 086080.083, 136
Trd, 086080.100, 137
Trd, 086080.467, 138
Trd, 086080.500, 137
Trd, 086081.217, 120
Trd, 086081.417, 106
Trd, 086081.517, 118
Trd, 086081.633, 131
Trd, 086081.650, 117
Trd, 086082.000, 118
Trd, 086082.383, 127
Trd, 086082.450, 123
Trd, 086082.483, 105
Trd, 086082.500, 137
Trd, 086082.600, 87
Trd, 086082.617, 82
Trd, 086082.767, 78
Trd, 086082.800, 87
Trd, 086083.700, 140
Trd, 086083.800, 139
Trd, 086084.400, 139
Trd, 086084.783, 133
Trd, 086085.200, 132
Trd, 086085.267, 126
Trd, 086085.500, 125
Trd, 086085.800, 115
Trd, 086085.917, 113
Trd, 086086.133, 133
Trd, 086086.433, 137
Trd, 086086.567, 123
Trd, 086086.717, 129
Trd, 086086.983, 123
Trd, 086087.550, 139
Trd, 086087.817, 135
Trd, 086087.967, 130
Trd, 086087.983, 119
Trd, 086088.267, 112
Trd, 086088.333, 132
Trd, 086088.850, 140
Trd, 086088.900, 113
Trd, 086089.050, 111
Trd, 086089.367, 131
Trd, 086089.750, 134
Trd, 086089.933, 133
Trd, 086091.067, 120
Trd, 086091.700, 118
Trd, 086091.717, 118
Trd, 086091.733, 112
Trd, 086092.017, 119
Trd, 086092.083, 108
Trd, 086092.150, 107
Trd, 086092.167, 138
Trd, 086092.267, 99
Trd, 086092.300, 98
Trd, 086092.817, 140
Trd, 086092.917, 117
Trd, 086092.950, 104
Trd, 086093.433, 140
Trd, 086093.650, 140
Trd, 086094.250, 139
Trd, 086094.683, 134
Trd, 086094.733, 133
Trd, 086094.900, 133
Trd, 086095.217, 135
Trd, 086095.633, 120
Trd, 086095.783, 132
Trd, 086095.867, 115
Trd, 086096.300, 103
Trd, 086096.633, 139
Trd, 086096.650, 101
Trd, 086096.833, 134
Trd, 086097.533, 140
Trd, 086097.783, 100
Trd, 086098.017, 98
Trd, 086098.083, 96
Trd, 086098.367, 95
Trd, 086098.433, 91
Trd, 086098.550, 119
Trd, 086098.683, 121
Trd, 086098.900, 109
Trd, 086099.383, 138
Trd, 086099.567, 134
Trd, 086099.733, 116
Trd, 086099.967, 114
Trd, 086100.167, 110
Trd, 086100.317, 126
Trd, 086100.417, 90
Trd, 086100.650, 123
Trd, 086101.567, 133
Trd, 086101.850, 120
Trd, 086102.067, 120
Trd, 086102.100, 113
Trd, 086102.617, 138
Trd, 086103.017, 130
Trd, 086103.100, 129
Trd, 086103.233, 139
Trd, 086103.350, 131
Trd, 086103.367, 130
Trd, 086103.683, 127
Trd, 086104.017, 124
Trd, 086104.050, 124
Trd, 086104.100, 118
Trd, 086104.167, 111
Trd, 086104.183, 140
Trd, 086104.633, 130
Trd, 086105.567, 129
Trd, 086105.650, 120
Trd, 086105.850, 131
Trd, 086105.983, 130
Trd, 086106.333, 139
Trd, 086106.533, 118
Trd, 086106.717, 120
Trd, 086107.067, 139
Trd, 086107.150, 115
Trd, 086107.450, 114
Trd, 086107.517, 135
Trd, 086108.083, 136
Trd, 086108.350, 136
Trd, 086109.033, 116
Trd, 086109.150, 129
Trd, 086109.267, 130
Trd, 086109.583, 118
Trd, 086109.917, 122
Trd, 086110.000, 116
Trd, 086110.150, 115
Trd, 086110.350, 129
Trd, 086110.467, 131
Trd, 086110.517, 112
Trd, 086110.550, 111
Trd, 086111.150, 136
Trd, 086111.250, 117
Trd, 086111.350, 100
Trd, 086111.633, 112
Trd, 086111.650, 103
Trd, 086111.833, 110
Trd, 086111.883, 99
Trd, 086112.050, 140
Trd, 086112.300, 140
Trd, 086112.800, 96
Trd, 086112.833, 102
Trd, 086113.167, 104
Trd, 086113.900, 137
Trd, 086114.017, 136
Trd, 086114.050, 129
Trd, 086114.267, 138
Trd, 086114.600, 121
Trd, 086114.717, 120
Trd, 086114.817, 119
Trd, 086115.050, 132
Trd, 086115.733, 119
Trd, 086115.800, 118
Trd, 086115.900, 100
Trd, 086115.967, 105
Trd, 086116.133, 131
Trd, 086116.500, 101
Trd, 086116.617, 93
Trd, 086116.817, 117
Trd, 086116.833, 99
Trd, 086116.867, 98
Trd, 086116.967, 88
Trd, 086117.300, 78
Trd, 086118.017, 118
Trd, 086118.150, 90
Trd, 086118.533, 83
Trd, 086118.733, 96
Trd, 086118.967, 126
Trd, 086119.050, 125
Trd, 086119.400, 124
Trd, 086119.767, 105
Trd, 086119.883, 115
Trd, 086119.950, 96
Trd, 086120.833, 139
Trd, 086121.333, 138
Trd, 086121.350, 137
Trd, 086121.600, 136
Trd, 086121.800, 139
Trd, 086121.833, 134
Trd, 086122.150, 102
Trd, 086122.200, 97
Trd, 086122.500, 88
Trd, 086123.283, 138
Trd, 086123.550, 136
Trd, 086123.767, 132
Trd, 086123.817, 131
Trd, 086123.900, 130
Trd, 086124.067, 128
Trd, 086124.383, 140
Trd, 086124.750, 127
Trd, 086125.350, 126
Trd, 086125.450, 125
Trd, 086125.650, 124
Trd, 086125.800, 123
Trd, 086126.033, 139
Trd, 086126.083, 120
Trd, 086126.100, 110
Trd, 086126.267, 109
Trd, 086126.300, 102
Trd, 086126.750, 102
Trd, 086127.083, 110
Trd, 086127.200, 99
Trd, 086127.733, 109
Trd, 086127.900, 131
Trd, 086128.033, 133
Trd, 086128.700, 135
Trd, 086128.933, 128
Trd, 086129.083, 140
Trd, 086129.350, 110
Trd, 086129.600, 117
Trd, 086129.683, 118
Trd, 086130.100, 140
Trd, 086130.683, 140
Trd, 086130.950, 140
Trd, 086131.367, 140
Trd, 086131.383, 140
Trd, 086131.417, 140
Trd, 086132.167, 139
Trd, 086132.350, 129
Trd, 086132.600, 131
Trd, 086132.650, 135
Trd, 086132.867, 122
Trd, 086133.000, 135
Trd, 086133.050, 129
Trd, 086133.217, 135
Trd, 086133.317, 123
Trd, 086133.917, 138
Trd, 086134.067, 137
Trd, 086134.400, 130
Trd, 086134.950, 128
Trd, 086135.050, 127
Trd, 086135.367, 129
Trd, 086135.750, 132
Trd, 086135.950, 130
Trd, 086136.200, 135
Trd, 086136.217, 129
Trd, 086136.533, 128
Trd, 086136.550, 120
Trd, 086136.917, 140
Trd, 086137.033, 137
Trd, 086137.683, 135
Trd, 086137.933, 133
Trd, 086138.150, 126
Trd, 086138.167, 122
Trd, 086138.300, 114
Trd, 086138.833, 109
Trd, 086139.433, 132
Trd, 086139.600, 125
Trd, 086140.200, 119
Trd, 086140.967, 123
Trd, 086141.000, 135
Trd, 086141.067, 138
Trd, 086141.133, 135
Trd, 086141.250, 127
Trd, 086141.417, 121
Trd, 086141.717, 139
Trd, 086141.800, 120
Trd, 086141.917, 115
Trd, 086141.967, 115
Trd, 086142.283, 103
Trd, 086142.417, 109
Trd, 086142.517, 91
Trd, 086142.683, 112
Trd, 086142.733, 126
Trd, 086142.767, 78
Trd, 086143.117, 129
Trd, 086143.483, 116
Trd, 086143.600, 117
Trd, 086143.833, 116
Trd, 086144.033, 122
Trd, 086144.367, 125
Trd, 086144.600, 106
Trd, 086144.817, 129
Trd, 086145.000, 128
Trd, 086145.367, 127
Trd, 086145.383, 102
Trd, 086145.533, 140
Trd, 086145.717, 81
Trd, 086145.917, 118
Trd, 086146.067, 124
Trd, 086146.733, 140
Trd, 086146.967, 140
Trd, 086147.150, 140
Trd, 086147.667, 126
Trd, 086147.817, 126
Trd, 086147.833, 125
Trd, 086147.950, 140
Trd, 086148.017, 103
Trd, 086149.317, 137
Trd, 086149.550, 132
Trd, 086149.733, 126
Trd, 086149.883, 126
Trd, 086150.133, 108
Trd, 086150.367, 116
Trd, 086150.483, 102
Trd, 086150.500, 99
Trd, 086150.633, 100
Trd, 086150.667, 126
Trd, 086150.800, 99
Trd, 086150.967, 80
Trd, 086151.000, 79
Trd, 086151.433, 121
Trd, 086151.467, 72
Trd, 086151.483, 122
Trd, 086152.817, 111
Trd, 086152.983, 119
Trd, 086153.067, 124
Trd, 086153.433, 134
Trd, 086153.700, 129
Trd, 086153.800, 135
Trd, 086154.067, 129
Trd, 086154.100, 126
Trd, 086154.167, 121
Trd, 086154.317, 95
Trd, 086154.533, 93
Trd, 086154.667, 106
Trd, 086154.883, 100
Trd, 086154.917, 95
Trd, 086154.950, 99
Trd, 086155.383, 126
Trd, 086156.233, 139
Trd, 086156.700, 138
Trd, 086156.800, 128
Trd, 086157.300, 129
Trd, 086157.350, 128
Trd, 086157.667, 126
Trd, 086158.000, 122
Trd, 086158.300, 112
Trd, 086158.450, 138
Trd, 086158.700, 124
Trd, 086159.067, 128
Trd, 086159.433, 123
Trd, 086159.517, 122
Trd, 086159.833, 129
Trd, 086159.900, 119
Trd, 086160.017, 138
Trd, 086160.267, 118
Trd, 086160.600, 140
Trd, 086160.700, 111
Trd, 086160.883, 93
Trd, 086160.950, 92
Trd, 086160.967, 91
Trd, 086161.500, 140
Trd, 086161.800, 127
Trd, 086161.900, 126
Trd, 086162.000, 126
Trd, 086162.133, 75
Trd, 086162.283, 113
Trd, 086162.600, 87
Trd, 086162.700, 89
Trd, 086163.533, 128
Trd, 086163.683, 135
Trd, 086163.867, 124
Trd, 086164.250, 126
Trd, 086164.483, 132
Trd, 086164.633, 132
Trd, 086164.833, 132
Trd, 086165.283, 114
Trd, 086165.383, 114
Trd, 086166.200, 135
Trd, 086166.333, 129
Trd, 086166.550, 117
Trd, 086166.717, 114
Trd, 086166.750, 113
Trd, 086166.917, 120
Trd, 086167.483, 99
Trd, 086167.500, 93
Trd, 086167.533, 105
Trd, 086167.567, 120
Trd, 086168.650, 138
Trd, 086168.683, 136
Trd, 086169.233, 130
Trd, 086169.417, 128
Trd, 086169.483, 136
Trd, 086169.583, 135
Trd, 086170.017, 131
Trd, 086170.050, 125
Trd, 086170.433, 132
Trd, 086170.717, 131
Trd, 086170.817, 129
Trd, 086170.850, 128
Trd, 086170.950, 124
Trd, 086171.350, 140
Trd, 086171.433, 137
Trd, 086171.483, 127
Trd, 086171.817, 122
Trd, 086172.000, 127
Trd, 086172.500, 134
Trd, 086172.717, 127
Trd, 086172.867, 126
Trd, 086173.067, 116
Trd, 086173.300, 139
Trd, 086173.617, 106
Trd, 086173.733, 104
Trd, 086173.850, 98
Trd, 086174.417, 137
Trd, 086174.717, 133
Trd, 086174.900, 94
Trd, 086175.067, 120
Trd, 086175.150, 118
Trd, 086175.833, 135
Trd, 086176.267, 135
Trd, 086176.433, 132
Trd, 086176.850, 133
Trd, 086177.367, 133
Trd, 086177.633, 125
Trd, 086177.717, 115
Trd, 086177.733, 114
Trd, 086178.017, 130
Trd, 086178.150, 126
Trd, 086178.200, 137
Trd, 086178.233, 125
Trd, 086178.350, 138
Trd, 086178.850, 94
Trd, 086178.933, 79
Trd, 086179.483, 130
Trd, 086179.517, 83
Trd, 086180.500, 136
Trd, 086180.633, 129
Trd, 086180.933, 134
Trd, 086181.683, 137
Trd, 086181.717, 134
Trd, 086182.033, 129
Trd, 086182.317, 127
Trd, 086182.933, 134
Trd, 086183.117, 124
Trd, 086183.133, 123
Trd, 086183.467, 137
Trd, 086183.517, 134
Trd, 086183.667, 140
Trd, 086183.983, 136
Trd, 086184.250, 136
Trd, 086184.567, 137
Trd, 086184.617, 131
Trd, 086184.633, 131
Trd, 086185.067, 109
Trd, 086185.300, 102
Trd, 086185.450, 118
Trd, 086185.500, 117
Trd, 086185.633, 115
Trd, 086186.083, 111
Trd, 086186.133, 92
Trd, 086186.350, 74
Trd, 086186.367, 72
Trd, 086186.517, 131
Trd, 086187.017, 129
Trd, 086187.083, 127
Trd, 086187.333, 105
Trd, 086188.300, 140
Trd, 086188.533, 139
Trd, 086189.067, 138
Trd, 086189.167, 136
Trd, 086189.667, 137
Trd, 086189.733, 136
Trd, 086189.800, 133
Trd, 086190.033, 117
Trd, 086190.283, 106
Trd, 086190.450, 106
Trd, 086190.633, 107
Trd, 086190.683, 136
Trd, 086190.700, 104
Trd, 086190.867, 128
Trd, 086190.983, 110
Trd, 086191.167, 94
Trd, 086191.767, 140
Trd, 086192.467, 122
Trd, 086192.533, 119
Trd, 086192.767, 113
Trd, 086192.817, 116
Trd, 086192.950, 110
Trd, 086193.000, 109
Trd, 086193.317, 122
Trd, 086193.383, 111
Trd, 086193.700, 130
Trd, 086193.750, 105
Trd, 086194.217, 107
Trd, 086194.300, 87
Trd, 086194.467, 79
Trd, 086194.700, 108
Trd, 086195.017, 137
Trd, 086195.517, 133
Trd, 086195.600, 131
Trd, 086195.683, 138
Trd, 086196.117, 130
Trd, 086196.250, 130
Trd, 086196.583, 123
Trd, 086197.183, 129
Trd, 086197.333, 119
Trd, 086197.367, 115
Trd, 086197.567, 110
Trd, 086197.767, 109
Trd, 086198.017, 107
Trd, 086198.083, 106
Trd, 086198.100, 106
Trd, 086198.267, 131
Trd, 086198.683, 131
Trd, 086198.767, 132
Trd, 086198.933, 137
Trd, 086199.083, 124
Trd, 086199.250, 116
Trd, 086199.283, 115
Trd, 086199.533, 113
Trd, 086199.567, 124
Trd, 086200.100, 140
Trd, 086200.267, 140
Trd, 086200.317, 128
Trd, 086200.750, 140
Trd, 086200.867, 123
Trd, 086201.067, 109
Trd, 086201.200, 83
Trd, 086201.633, 116
Trd, 086202.050, 93
Trd, 086202.150, 85
Trd, 086202.517, 138
Trd, 086202.717, 137
Trd, 086202.900, 136
Trd, 086202.967, 84
Trd, 086203.433, 96
Trd, 086203.533, 89
Trd, 086203.950, 119
Trd, 086204.433, 140
Trd, 086204.950, 117
Trd, 086205.133, 118
Trd, 086205.283, 115
Trd, 086205.383, 97
Trd, 086205.617, 89
Trd, 086205.767, 140
Trd, 086206.367, 136
Trd, 086206.417, 130
Trd, 086206.750, 135
Trd, 086207.133, 133
Trd, 086207.217, 125
Trd, 086207.367, 126
Trd, 086207.867, 128
Trd, 086207.900, 125
Trd, 086208.117, 124
Trd, 086208.600, 120
Trd, 086208.683, 103
Trd, 086209.067, 106
Trd, 086209.217, 110
Trd, 086209.517, 122
Trd, 086209.650, 130
Trd, 086209.717, 133
Trd, 086210.000, 118
Trd, 086210.150, 104
Trd, 086210.300, 133
Trd, 086210.517, 140
Trd, 086210.683, 114
Trd, 086210.800, 140
Trd, 086210.917, 140
Trd, 086211.183, 119
Trd, 086211.383, 121
Trd, 086211.600, 106
Trd, 086211.767, 119
Trd, 086211.783, 137
Trd, 086211.800, 105
Trd, 086211.817, 100
Trd, 086213.217, 135
Trd, 086213.333, 134
Trd, 086213.467, 133
Trd, 086213.833, 124
Trd, 086214.317, 134
Trd, 086214.333, 130
Trd, 086214.383, 119
Trd, 086214.517, 118
Trd, 086214.800, 140
Trd, 086215.000, 139
Trd, 086215.200, 124
Trd, 086215.283, 123
Trd, 086215.400, 118
Trd, 086216.183, 110
Trd, 086216.517, 122
Trd, 086216.683, 123
Trd, 086216.867, 140
Trd, 086216.967, 108
Trd, 086217.450, 113
Trd, 086217.483, 97
Trd, 086217.683, 117
Trd, 086217.900, 101
Trd, 086217.983, 109
Trd, 086218.133, 96
Trd, 086218.300, 101
Trd, 086218.683, 95
Trd, 086218.717, 107
Trd, 086219.117, 108
Trd, 086219.217, 118
Trd, 086219.650, 102
Trd, 086219.867, 122
Trd, 086220.000, 101
Trd, 086220.083, 96
Trd, 086220.283, 95
Trd, 086220.333, 92
Trd, 086220.383, 79
Trd, 086220.500, 139
Trd, 086221.433, 121
Trd, 086221.650, 120
Trd, 086221.800, 120
Trd, 086222.317, 140
Trd, 086222.667, 133
Trd, 086222.850, 131
Trd, 086223.367, 125
Trd, 086223.517, 131
Trd, 086223.850, 138
Trd, 086224.283, 138
Trd, 086224.317, 136
Trd, 086224.700, 124
Trd, 086224.817, 123
Trd, 086225.133, 135
Trd, 086225.167, 119
Trd, 086225.667, 132
Trd, 086225.833, 130
Trd, 086226.167, 128
Trd, 086226.367, 116
Trd, 086226.383, 117
Trd, 086226.667, 113
Trd, 086227.200, 122
Trd, 086227.350, 104
Trd, 086227.483, 99
Trd, 086227.567, 132
Trd, 086227.700, 130
Trd, 086227.917, 139
Trd, 086228.183, 97
Trd, 086228.200, 100
Trd, 086228.350, 101
Trd, 086228.450, 102
Trd, 086228.617, 96
Trd, 086229.017, 133
Trd, 086229.050, 109
Trd, 086229.183, 95
Trd, 086229.317, 109
Trd, 086229.450, 104
Trd, 086229.467, 118
Trd, 086229.567, 121
Trd, 086229.700, 92
Trd, 086229.833, 86
Trd, 086230.700, 137
Trd, 086230.900, 120
Trd, 086231.233, 101
Trd, 086231.600, 129
Trd, 086232.317, 125
Trd, 086232.467, 137
Trd, 086232.517, 124
Trd, 086233.217, 135
Trd, 086233.617, 132
Trd, 086233.700, 126
Trd, 086234.033, 125
Trd, 086234.200, 133
Trd, 086234.400, 136
Trd, 086234.633, 124
Trd, 086234.667, 109
Trd, 086235.133, 124
Trd, 086235.167, 123
Trd, 086235.217, 107
Trd, 086235.317, 119
Trd, 086235.333, 97
Trd, 086235.600, 127
Trd, 086236.100, 116
Trd, 086236.233, 96
Trd, 086236.350, 137
Trd, 086236.617, 93
Trd, 086237.517, 138
Trd, 086237.600, 130
Trd, 086237.683, 129
Trd, 086237.950, 136
Trd, 086238.450, 128
Trd, 086238.817, 129
Trd, 086238.950, 128
Trd, 086238.983, 116
Trd, 086239.333, 112
Trd, 086239.550, 131
Trd, 086239.750, 104
Trd, 086240.500, 140
Trd, 086240.633, 136
Trd, 086240.800, 140
Trd, 086241.050, 131
Trd, 086241.183, 139
Trd, 086241.267, 132
Trd, 086241.617, 132
Trd, 086241.667, 131
Trd, 086241.950, 130
Trd, 086242.200, 129
Trd, 086242.900, 140
Trd, 086243.000, 140
Trd, 086243.667, 139
Trd, 086244.417, 135
Trd, 086244.817, 134
Trd, 086244.950, 140
Trd, 086245.150, 136
Trd, 086245.217, 135
Trd, 086245.567, 121
Trd, 086245.933, 137
Trd, 086245.983, 122
Trd, 086246.167, 117
Trd, 086246.233, 115
Trd, 086246.250, 114
Trd, 086246.683, 138
Trd, 086246.817, 136
Trd, 086247.083, 139
Trd, 086247.733, 123
Trd, 086248.083, 138
Trd, 086248.100, 137
Trd, 086248.167, 133
Trd, 086248.317, 121
Trd, 086249.133, 108
Trd, 086249.217, 106
Trd, 086249.350, 138
Trd, 086249.383, 124
Trd, 086249.633, 133
Trd, 086249.950, 137
Trd, 086250.083, 129
Trd, 086250.267, 119
Trd, 086250.383, 106
Trd, 086250.600, 137
Trd, 086250.733, 94
Trd, 086250.850, 120
Trd, 086251.167, 123
Trd, 086251.217, 93
Trd, 086251.283, 117
Trd, 086251.883, 97
Trd, 086252.550, 89
Trd, 086252.600, 81
Trd, 086252.733, 115
Trd, 086253.433, 126
Trd, 086253.450, 125
Trd, 086253.500, 117
Trd, 086253.683, 128
Trd, 086253.833, 108
Trd, 086254.250, 109
Trd, 086254.433, 101
Trd, 086254.667, 102
Trd, 086254.700, 130
Trd, 086255.867, 127
Trd, 086256.133, 139
Trd, 086256.167, 138
Trd, 086256.400, 132
Trd, 086256.650, 139
Trd, 086256.800, 140
Trd, 086257.150, 140
Trd, 086257.817, 124
Trd, 086257.883, 140
Trd, 086258.133, 116
Trd, 086258.200, 128
Trd, 086258.250, 109
Trd, 086258.333, 104
Trd, 086258.367, 98
Trd, 086259.333, 137
Trd, 086259.350, 137
Trd, 086259.383, 119
Trd, 086260.117, 118
Trd, 086260.150, 116
Trd, 086260.800, 120
Trd, 086261.217, 127
Trd, 086261.300, 126
Trd, 086261.317, 113
Trd, 086261.517, 108
Trd, 086261.667, 125
Trd, 086261.700, 126
Trd, 086261.833, 105
Trd, 086262.017, 98
Trd, 086262.033, 97
Trd, 086262.067, 96
Trd, 086262.217, 105
Trd, 086262.650, 106
Trd, 086262.667, 91
Trd, 086262.867, 97
Trd, 086262.983, 111
Trd, 086263.050, 96
Trd, 086263.183, 125
Trd, 086263.350, 89
Trd, 086263.567, 104
Trd, 086263.933, 90
Trd, 086264.517, 117
Trd, 086264.633, 111
Trd, 086264.983, 97
Trd, 086265.200, 130
Trd, 086265.217, 96
Trd, 086265.283, 132
Trd, 086265.300, 91
Trd, 086265.367, 89
Trd, 086265.433, 83
Trd, 086265.983, 133
Trd, 086266.033, 130
Trd, 086266.167, 140
Trd, 086266.300, 99
Trd, 086266.850, 112
Trd, 086266.967, 115
Trd, 086267.500, 113
Trd, 086267.833, 107
Trd, 086268.000, 105
Trd, 086268.617, 140
Trd, 086268.783, 140
Trd, 086269.017, 140
Trd, 086269.033, 139
Trd, 086269.417, 132
Trd, 086270.567, 132
Trd, 086271.000, 127
Trd, 086271.383, 128
Trd, 086271.500, 120
Trd, 086271.517, 119
Trd, 086271.633, 138
Trd, 086272.083, 133
Trd, 086272.233, 133
Trd, 086272.850, 120
Trd, 086273.267, 140
Trd, 086273.283, 140
Trd, 086273.600, 131
Trd, 086274.150, 140
Trd, 086274.317, 139
Trd, 086274.583, 130
Trd, 086275.000, 137
Trd, 086275.050, 129
Trd, 086275.150, 128
Trd, 086275.200, 124
Trd, 086275.350, 123
Trd, 086275.483, 114
Trd, 086275.683, 106
Trd, 086276.000, 112
Trd, 086276.017, 106
Trd, 086276.150, 97
Trd, 086276.617, 104
Trd, 086277.017, 120
Trd, 086277.267, 125
Trd, 086277.433, 118
Trd, 086277.500, 91
Trd, 086277.650, 90
Trd, 086278.300, 115
Trd, 086278.650, 128
Trd, 086278.683, 122
Trd, 086278.750, 115
Trd, 086278.967, 122
Trd, 086279.050, 114
Trd, 086279.233, 90
Trd, 086279.283, 89
Trd, 086279.350, 89
Trd, 086279.433, 104
Trd, 086279.633, 98
Trd, 086279.667, 106
Trd, 086280.233, 113
Trd, 086280.433, 86
Trd, 086280.617, 91
Trd, 086280.717, 114
Trd, 086280.967, 115
Trd, 086281.133, 89
Trd, 086281.550, 117
Trd, 086281.833, 140
Trd, 086282.000, 138
Trd, 086282.333, 118
Trd, 086282.750, 113
Trd, 086282.833, 125
Trd, 086283.517, 134
Trd, 086283.767, 133
Trd, 086284.083, 129
Trd, 086284.567, 125
Trd, 086284.867, 124
Trd, 086284.983, 119
Trd, 086285.067, 103
Trd, 086285.517, 124
Trd, 086285.567, 122
Trd, 086285.683, 109
Trd, 086285.750, 103
Trd, 086286.100, 117
Trd, 086286.217, 124
Trd, 086286.250, 126
Trd, 086286.350, 125
Trd, 086286.433, 121
Trd, 086286.450, 101
Trd, 086287.117, 97
Trd, 086288.617, 121
Trd, 086288.683, 125
Trd, 086288.750, 115
Trd, 086288.817, 115
Trd, 086288.933, 121
Trd, 086289.300, 115
Trd, 086289.433, 109
Trd, 086289.533, 110
Trd, 086289.600, 109
Trd, 086289.617, 139
Trd, 086289.867, 121
Trd, 086290.017, 107
Trd, 086290.567, 139
Trd, 086290.900, 138
Trd, 086290.933, 137
Trd, 086291.017, 105
Trd, 086291.650, 108
Trd, 086291.767, 114
Trd, 086291.817, 100
Trd, 086291.883, 97
Trd, 086292.567, 129
Trd, 086292.750, 136
Trd, 086292.917, 139
Trd, 086293.000, 128
Trd, 086293.367, 120
Trd, 086293.500, 99
Trd, 086293.667, 115
Trd, 086293.833, 114
Trd, 086294.567, 139
Trd, 086294.650, 135
Trd, 086294.683, 125
Trd, 086295.150, 123
Trd, 086295.283, 121
Trd, 086295.683, 121
Trd, 086295.700, 113
Trd, 086295.767, 112
Trd, 086295.783, 126
Trd, 086296.417, 132
Trd, 086296.517, 95
Trd, 086296.583, 107
Trd, 086296.700, 89
Trd, 086296.733, 82
Trd, 086297.250, 82
Trd, 086297.767, 139
Trd, 086298.050, 132
Trd, 086298.133, 135
Trd, 086298.167, 130
Trd, 086298.583, 140
Trd, 086298.617, 139
Trd, 086298.733, 125
Trd, 086299.083, 117
Trd, 086299.133, 92
Trd, 086299.500, 111
Trd, 086299.583, 78
Trd, 086299.667, 133
Trd, 086299.933, 120
Trd, 086300.033, 120
Trd, 086300.383, 119
Trd, 086301.283, 139
Trd, 086301.383, 127
Trd, 086301.500, 119
Trd, 086301.550, 113
Trd, 086301.800, 140
Trd, 086302.800, 140
Trd, 086303.050, 140
Trd, 086303.250, 122
Trd, 086303.300, 121
Trd, 086303.417, 112
Trd, 086303.433, 105
Trd, 086303.467, 137
Trd, 086303.600, 104
Trd, 086303.850, 103
Trd, 086304.350, 138
Trd, 086304.500, 132
Trd, 086304.650, 119
Trd, 086304.717, 136
Trd, 086305.267, 103
Trd, 086305.333, 105
Trd, 086305.683, 135
Trd, 086306.083, 139
Trd, 086306.233, 134
Trd, 086307.000, 138
Trd, 086307.050, 133
Trd, 086307.400, 132
Trd, 086307.767, 130
Trd, 086308.150, 131
Trd, 086308.683, 127
Trd, 086308.733, 136
Trd, 086309.050, 129
Trd, 086309.067, 128
Trd, 086309.200, 127
Trd, 086309.450, 139
Trd, 086309.700, 134
Trd, 086310.267, 129
Trd, 086310.317, 128
Trd, 086310.850, 138
Trd, 086311.267, 127
Trd, 086311.533, 124
Trd, 086311.700, 123
Trd, 086311.800, 122
Trd, 086312.083, 116
Trd, 086312.200, 109
Trd, 086312.467, 137
Trd, 086312.783, 126
Trd, 086312.850, 130
Trd, 086312.867, 99
Trd, 086312.883, 92
Trd, 086312.900, 137
Trd, 086313.000, 97
Trd, 086313.550, 112
Trd, 086313.633, 116
Trd, 086313.667, 111
Trd, 086313.700, 96
Trd, 086313.733, 94
Trd, 086313.983, 137
Trd, 086314.083, 136
Trd, 086314.317, 137
Trd, 086314.750, 136
Trd, 086315.100, 133
Trd, 086315.150, 130
Trd, 086315.267, 136
Trd, 086315.583, 134
Trd, 086315.767, 122
Trd, 086315.983, 105
Trd, 086316.017, 104
Trd, 086316.650, 132
Trd, 086316.933, 137
Trd, 086317.133, 127
Trd, 086317.367, 126
Trd, 086317.583, 132
Trd, 086317.683, 108
Trd, 086317.767, 106
Trd, 086317.983, 93
Trd, 086318.400, 139
Trd, 086318.600, 137
Trd, 086318.717, 131
Trd, 086318.750, 96
Trd, 086319.950, 130
Trd, 086320.150, 136
Trd, 086320.267, 131
Trd, 086320.333, 130
Trd, 086320.700, 131
Trd, 086320.750, 138
Trd, 086321.183, 135
Trd, 086321.417, 136
Trd, 086321.450, 136
Trd, 086321.617, 135
Trd, 086321.833, 129
Trd, 086321.850, 105
Trd, 086322.283, 130
Trd, 086322.300, 137
Trd, 086322.750, 140
Trd, 086322.783, 134
Trd, 086322.883, 133
Trd, 086323.117, 127
Trd, 086323.383, 111
Trd, 086323.633, 117
Trd, 086324.200, 140
Trd, 086324.500, 132
Trd, 086324.633, 131
Trd, 086324.667, 128
Trd, 086324.700, 140
Trd, 086324.833, 126
Trd, 086324.917, 140
Trd, 086325.050, 125
Trd, 086325.350, 132
Trd, 086325.850, 130
Trd, 086325.867, 125
Trd, 086326.150, 122
Trd, 086326.483, 126
Trd, 086326.783, 124
Trd, 086326.867, 97
Trd, 086327.183, 121
Trd, 086327.500, 85
Trd, 086328.333, 98
Trd, 086328.467, 95
Trd, 086328.533, 99
Trd, 086328.800, 94
Trd, 086328.850, 113
Trd, 086328.933, 130
Trd, 086329.400, 139
Trd, 086329.417, 138
Trd, 086329.850, 131
Trd, 086330.317, 119
Trd, 086330.583, 104
Trd, 086330.650, 103
Trd, 086330.683, 98
Trd, 086330.917, 134
Trd, 086331.117, 99
Trd, 086331.200, 97
Trd, 086331.217, 124
Trd, 086331.250, 93
Trd, 086331.350, 88
Trd, 086331.417, 128
Trd, 086332.333, 112
Trd, 086332.400, 110
Trd, 086332.800, 87
Trd, 086332.850, 84
Trd, 086332.933, 136
Trd, 086333.450, 140
Trd, 086333.633, 119
Trd, 086333.883, 83
Trd, 086334.367, 91
Trd, 086334.717, 96
Trd, 086335.067, 86
Trd, 086335.117, 112
Trd, 086335.217, 131
Trd, 086335.617, 106
Trd, 086336.017, 137
Trd, 086336.150, 134
Trd, 086336.617, 113
Trd, 086336.683, 112
Trd, 086337.017, 123
Trd, 086337.100, 137
Trd, 086337.133, 114
Trd, 086337.583, 140
Trd, 086338.133, 140
Trd, 086338.200, 139
Trd, 086338.467, 138
Trd, 086339.133, 140
Trd, 086339.533, 140
Trd, 086339.783, 140
Trd, 086340.083, 137
Trd, 086340.267, 137
Trd, 086340.450, 136
Trd, 086340.467, 135
Trd, 086340.600, 123
Trd, 086340.617, 132
Trd, 086340.633, 120
Trd, 086340.733, 120
Trd, 086340.850, 116
Trd, 086340.983, 138
Trd, 086341.217, 111
Trd, 086341.267, 96
Trd, 086341.900, 132
Trd, 086342.500, 120
Trd, 086342.700, 138
Trd, 086342.750, 115
Trd, 086342.950, 87
Trd, 086343.033, 103
Trd, 086343.067, 83
Trd, 086343.267, 111
Trd, 086343.317, 72
Trd, 086343.500, 125
Trd, 086343.550, 124
Trd, 086343.617, 117
Trd, 086343.700, 71
Trd, 086343.933, 122
Trd, 086344.617, 119
Trd, 086345.200, 93
Trd, 086345.600, 123
Trd, 086345.667, 133
Trd, 086345.950, 126
Trd, 086346.433, 126
Trd, 086347.000, 125
Trd, 086347.317, 139
Trd, 086347.450, 134
Trd, 086347.533, 126
Trd, 086347.667, 118
Trd, 086347.700, 108
Trd, 086348.417, 132
Trd, 086348.933, 140
Trd, 086348.950, 140
Trd, 086349.050, 139
Trd, 086349.117, 133
Trd, 086349.617, 136
Trd, 086349.883, 135
Trd, 086350.050, 134
Trd, 086350.450, 133
Trd, 086350.483, 125
Trd, 086350.900, 124
Trd, 086351.000, 102
Trd, 086351.167, 99
Trd, 086351.233, 98
Trd, 086351.500, 107
Trd, 086351.600, 94
Trd, 086352.250, 104
Trd, 086352.267, 119
Trd, 086352.317, 92
Trd, 086352.383, 90
Trd, 086352.550, 86
Trd, 086352.733, 107
Trd, 086352.800, 132
Trd, 086352.817, 106
Trd, 086352.900, 133
Trd, 086353.933, 126
Trd, 086354.283, 127
Trd, 086354.317, 99
Trd, 086354.583, 93
Trd, 086354.700, 82
Trd, 086354.900, 80
Trd, 086355.017, 84
Trd, 086355.050, 92
Trd, 086355.217, 139
Trd, 086355.967, 140
Trd, 086356.267, 135
Trd, 086356.383, 134
Trd, 086356.500, 133
Trd, 086356.667, 129
Trd, 086356.750, 118
Trd, 086356.833, 104
Trd, 086357.717, 109
Trd, 086357.800, 120
Trd, 086358.233, 111
Trd, 086358.283, 111
Trd, 086358.317, 113
Trd, 086358.417, 114
Trd, 086358.750, 114
Trd, 086358.783, 94
Trd, 086359.183, 140
Trd, 086359.900, 117
Trd, 086359.983, 114
Trd, 086360.050, 112
Trd, 086360.300, 115
Trd, 086360.500, 116
Trd, 086360.533, 114
Trd, 086360.567, 116
Trd, 086360.583, 111
Trd, 086360.633, 118
Trd, 086361.050, 108
Trd, 086361.200, 117
Trd, 086361.383, 106
Trd, 086361.533, 94
Trd, 086361.683, 68
Trd, 086362.633, 132
Trd, 086362.650, 122
Trd, 086362.967, 130
Trd, 086363.200, 99
Trd, 086363.383, 126
Trd, 086363.733, 96
Trd, 086364.133, 109
Trd, 086364.217, 111
Trd, 086364.300, 104
Trd, 086364.333, 103
Trd, 086364.350, 95
Trd, 086365.717, 128
Trd, 086365.850, 127
Trd, 086365.983, 126
Trd, 086366.050, 114
Trd, 086366.133, 105
Trd, 086366.317, 99
Trd, 086366.483, 90
Trd, 086366.550, 101
Trd, 086366.633, 102
Trd, 086366.800, 88
Trd, 086366.817, 111
Trd, 086366.833, 112
Trd, 086367.350, 99
Trd, 086367.367, 73
Trd, 086367.667, 140
Trd, 086367.933, 140
Trd, 086368.183, 137
Trd, 086368.250, 129
Trd, 086368.800, 138
Trd, 086368.883, 136
Trd, 086369.050, 121
Trd, 086369.117, 120
Trd, 086369.400, 138
Trd, 086369.783, 137
Trd, 086369.867, 133
Trd, 086369.967, 119
Trd, 086370.767, 115
Trd, 086371.067, 129
Trd, 086371.133, 114
Trd, 086371.283, 104
Trd, 086371.567, 140
Trd, 086371.583, 97
Trd, 086371.883, 121
Trd, 086372.300, 116
Trd, 086372.383, 93
Trd, 086372.750, 119
Trd, 086373.000, 88
Trd, 086373.167, 86
Trd, 086373.217, 85
Trd, 086373.350, 121
Trd, 086373.433, 84
Trd, 086373.733, 123
Trd, 086373.867, 93
Trd, 086374.033, 89
Trd, 086374.367, 129
Trd, 086374.467, 121
Trd, 086374.617, 120
Trd, 086375.017, 103
Trd, 086375.317, 95
Trd, 086375.533, 129
Trd, 086375.967, 140
Trd, 086376.567, 137
Trd, 086376.650, 132
Trd, 086376.833, 132
Trd, 086377.150, 131
Trd, 086377.483, 138
Trd, 086378.367, 121
Trd, 086378.433, 129
Trd, 086379.150, 109
Trd, 086379.183, 105
Trd, 086379.217, 102
Trd, 086379.233, 83
Trd, 086379.250, 83
Trd, 086379.567, 113
Trd, 086379.700, 129
Trd, 086379.817, 128
Trd, 086380.317, 124
Trd, 086380.450, 134
Trd, 086380.717, 125
Trd, 086381.033, 140
Trd, 086381.250, 140
Trd, 086381.433, 129
Trd, 086381.467, 123
Trd, 086381.800, 120
Trd, 086381.967, 103
Trd, 086382.333, 139
Trd, 086382.433, 138
Trd, 086382.500, 122
Trd, 086382.617, 92
Trd, 086382.750, 91
Trd, 086383.400, 139
Trd, 086383.733, 138
Trd, 086383.817, 137
Trd, 086384.150, 133
Trd, 086384.333, 131
Trd, 086384.400, 125
Trd, 086384.433, 115
Trd, 086384.517, 111
Trd, 086384.700, 134
Trd, 086384.883, 137
Trd, 086384.950, 100
Trd, 086385.317, 100
Trd, 086386.000, 129
Trd, 086386.033, 124
Trd, 086386.167, 135
Trd, 086386.867, 125
Trd, 086386.967, 131
Trd, 086387.350, 107
Trd, 086387.367, 105
Trd, 086387.533, 97
Trd, 086387.733, 93
Trd, 086387.767, 91
Trd, 086388.133, 121
Trd, 086388.150, 118
Trd, 086388.200, 95
Trd, 086388.600, 88
Trd, 086388.983, 85
Trd, 086389.833, 140
Trd, 086390.800, 140
Trd, 086391.017, 137
Trd, 086392.000, 140
Trd, 086392.350, 140
Trd, 086392.583, 140
Trd, 086392.833, 133
Trd, 086392.917, 128
Trd, 086393.300, 122
Trd, 086393.467, 123
Trd, 086393.567, 117
Trd, 086393.683, 125
Trd, 086393.833, 124
Trd, 086394.033, 113
Trd, 086394.217, 105
Trd, 086394.333, 133
Trd, 086394.383, 100
Trd, 086394.500, 100
Trd, 086394.833, 140
Trd, 086395.200, 140
Trd, 086395.400, 139
Trd, 086395.450, 131
Trd, 086395.733, 120
Trd, 086395.783, 81
Trd, 086396.050, 128
Trd, 086396.367, 112
Trd, 086396.517, 113
Trd, 086396.533, 130
Trd, 086396.800, 128
Trd, 086396.900, 127
Trd, 086397.050, 124
Trd, 086397.417, 124
Trd, 086397.433, 123
Trd, 086397.800, 122
Trd, 086397.867, 109
Trd, 086398.433, 110
Trd, 086399.150, 136
Trd, 086399.250, 124
Trd, 086399.533, 108
Trd, 086399.633, 107
Trd, 086399.817, 140
Trd, 086399.883, 107
Trd, 086399.950, 95
