Trd, 085770.783, 128
Trd, 085770.833, 127
Trd, 085770.917, 126
Trd, 085770.967, 126
Trd, 085771.450, 114
Trd, 085771.600, 120
Trd, 085772.250, 108
Trd, 085772.533, 121
Trd, 085772.567, 120
Trd, 085772.683, 108
Trd, 085772.733, 138
Trd, 085772.950, 111
Trd, 085773.350, 103
Trd, 085773.383, 113
Trd, 085773.633, 93
Trd, 085773.933, 106
Trd, 085774.367, 99
Trd, 085775.200, 131
Trd, 085775.283, 127
Trd, 085775.417, 126
Trd, 085775.567, 116
Trd, 085775.633, 114
Trd, 085775.767, 104
Trd, 085775.950, 103
Trd, 085776.100, 120
Trd, 085776.117, 124
Trd, 085776.633, 123
Trd, 085777.367, 114
Trd, 085777.517, 119
Trd, 085777.533, 112
Trd, 085777.567, 111
Trd, 085777.650, 115
Trd, 085777.867, 124
Trd, 085777.933, 126
Trd, 085778.783, 121
Trd, 085778.867, 118
Trd, 085779.350, 139
Trd, 085780.100, 139
Trd, 085780.117, 107
Trd, 085780.233, 98
Trd, 085780.417, 96
Trd, 085780.450, 88
Trd, 085780.533, 128
Trd, 085780.867, 99
Trd, 085781.283, 102
Trd, 085781.867, 108
Trd, 085782.050, 140
Trd, 085782.850, 128
Trd, 085782.900, 127
Trd, 085782.950, 132
Trd, 085783.067, 118
Trd, 085783.250, 134
Trd, 085783.267, 117
Trd, 085783.733, 140
Trd, 085784.233, 140
Trd, 085784.483, 140
Trd, 085784.617, 140
Trd, 085785.067, 140
Trd, 085785.117, 140
Trd, 085785.150, 140
Trd, 085785.433, 138
Trd, 085786.300, 138
Trd, 085786.600, 139
Trd, 085786.633, 134
Trd, 085787.467, 139
Trd, 085787.833, 114
Trd, 085788.017, 110
Trd, 085788.050, 109
Trd, 085788.583, 114
Trd, 085788.767, 117
Trd, 085788.833, 112
Trd, 085789.083, 110
Trd, 085789.117, 109
Trd, 085789.533, 108
Trd, 085789.900, 136
Trd, 085790.117, 130
Trd, 085790.200, 137
Trd, 085790.783, 138
Trd, 085790.950, 128
Trd, 085791.100, 140
Trd, 085791.167, 127
Trd, 085791.583, 115
Trd, 085791.700, 105
Trd, 085792.117, 103
Trd, 085792.250, 114
Trd, 085792.417, 101
Trd, 085792.633, 116
Trd, 085792.900, 103
Trd, 085793.200, 104
Trd, 085793.250, 103
Trd, 085793.400, 79
Trd, 085793.483, 106
Trd, 085793.517, 107
Trd, 085794.067, 137
Trd, 085794.100, 80
Trd, 085794.917, 140
Trd, 085794.950, 139
Trd, 085795.350, 136
Trd, 085795.517, 135
Trd, 085795.617, 119
Trd, 085795.883, 125
Trd, 085796.150, 136
Trd, 085796.583, 129
Trd, 085796.617, 122
Trd, 085796.683, 116
Trd, 085797.050, 132
Trd, 085797.167, 106
Trd, 085797.217, 100
Trd, 085797.717, 139
Trd, 085798.050, 139
Trd, 085798.783, 139
Trd, 085798.817, 138
Trd, 085799.033, 124
Trd, 085799.267, 131
Trd, 085799.300, 116
Trd, 085799.417, 103
Trd, 085799.550, 132
Trd, 085799.750, 91
Trd, 085799.950, 85
Trd, 085800.017, 93
Trd, 085800.883, 91
Trd, 085801.150, 111
Trd, 085801.317, 109
Trd, 085801.367, 102
Trd, 085801.900, 116
Trd, 085801.917, 117
Trd, 085802.283, 118
Trd, 085802.317, 119
Trd, 085802.800, 121
Trd, 085802.817, 132
Trd, 085802.967, 119
Trd, 085803.283, 121
Trd, 085803.533, 118
Trd, 085803.550, 115
Trd, 085803.883, 132
Trd, 085804.033, 110
Trd, 085804.083, 134
Trd, 085804.333, 137
Trd, 085804.500, 134
Trd, 085804.550, 118
Trd, 085804.600, 109
Trd, 085804.717, 108
Trd, 085804.917, 94
Trd, 085805.483, 105
Trd, 085805.983, 106
Trd, 085806.367, 105
Trd, 085806.433, 137
Trd, 085806.600, 110
Trd, 085807.100, 95
Trd, 085807.550, 106
Trd, 085807.700, 108
Trd, 085808.250, 106
Trd, 085808.533, 102
Trd, 085808.783, 107
Trd, 085809.100, 98
Trd, 085809.217, 95
Trd, 085810.000, 140
Trd, 085810.267, 139
Trd, 085810.617, 132
Trd, 085810.800, 127
Trd, 085811.133, 127
Trd, 085811.500, 127
Trd, 085811.767, 126
Trd, 085812.317, 138
Trd, 085812.467, 138
Trd, 085812.933, 133
Trd, 085812.950, 132
Trd, 085813.250, 131
Trd, 085813.500, 130
Trd, 085814.150, 129
Trd, 085814.317, 117
Trd, 085814.450, 126
Trd, 085814.650, 121
Trd, 085814.667, 126
Trd, 085815.067, 116
Trd, 085815.183, 127
Trd, 085815.317, 115
Trd, 085815.783, 120
Trd, 085815.900, 108
Trd, 085816.067, 110
Trd, 085816.433, 109
Trd, 085816.500, 101
Trd, 085816.533, 110
Trd, 085816.883, 110
Trd, 085817.450, 139
Trd, 085817.533, 138
Trd, 085817.617, 137
Trd, 085817.650, 140
Trd, 085817.833, 127
Trd, 085818.133, 124
Trd, 085818.483, 134
Trd, 085818.617, 139
Trd, 085818.667, 123
Trd, 085818.783, 123
Trd, 085818.850, 120
Trd, 085819.517, 129
Trd, 085819.600, 126
Trd, 085819.933, 114
Trd, 085820.433, 135
Trd, 085821.350, 135
Trd, 085821.383, 122
Trd, 085821.583, 122
Trd, 085821.733, 121
Trd, 085821.867, 111
Trd, 085821.967, 106
Trd, 085822.100, 136
Trd, 085822.600, 112
Trd, 085822.633, 111
Trd, 085822.717, 108
Trd, 085822.883, 133
Trd, 085822.900, 107
Trd, 085824.050, 107
Trd, 085824.267, 106
Trd, 085825.083, 109
Trd, 085825.150, 104
Trd, 085825.167, 99
Trd, 085825.667, 130
Trd, 085825.700, 112
Trd, 085825.900, 111
Trd, 085826.017, 139
Trd, 085826.150, 97
Trd, 085826.267, 96
Trd, 085826.917, 126
Trd, 085827.350, 139
Trd, 085827.367, 137
Trd, 085827.700, 140
Trd, 085827.917, 124
Trd, 085827.983, 113
Trd, 085828.133, 137
Trd, 085828.233, 93
Trd, 085828.367, 106
Trd, 085828.450, 138
Trd, 085828.667, 129
Trd, 085828.917, 126
Trd, 085829.400, 123
Trd, 085829.467, 125
Trd, 085829.533, 119
Trd, 085829.733, 107
Trd, 085829.833, 108
Trd, 085829.883, 127
Trd, 085830.600, 120
Trd, 085830.700, 119
Trd, 085830.717, 122
Trd, 085831.033, 110
Trd, 085831.117, 110
Trd, 085831.450, 119
Trd, 085831.517, 118
Trd, 085831.617, 103
Trd, 085831.950, 129
Trd, 085832.150, 133
Trd, 085832.433, 111
Trd, 085832.800, 118
Trd, 085832.883, 130
Trd, 085833.067, 131
Trd, 085833.283, 125
Trd, 085833.500, 111
Trd, 085833.683, 115
Trd, 085834.050, 111
Trd, 085834.200, 134
Trd, 085834.550, 135
Trd, 085834.883, 122
Trd, 085835.183, 113
Trd, 085835.467, 119
Trd, 085835.483, 98
Trd, 085835.733, 99
Trd, 085835.767, 121
Trd, 085835.917, 121
Trd, 085835.967, 94
Trd, 085836.533, 122
Trd, 085836.567, 103
Trd, 085837.650, 137
Trd, 085838.217, 129
Trd, 085838.267, 128
Trd, 085838.567, 134
Trd, 085838.633, 119
Trd, 085838.650, 135
Trd, 085839.150, 129
Trd, 085839.200, 116
Trd, 085839.500, 113
Trd, 085839.650, 116
Trd, 085839.817, 116
Trd, 085840.167, 116
Trd, 085840.600, 135
Trd, 085840.617, 134
Trd, 085840.633, 137
Trd, 085840.850, 128
Trd, 085841.300, 119
Trd, 085841.467, 124
Trd, 085841.700, 120
Trd, 085842.000, 134
Trd, 085842.367, 129
Trd, 085843.283, 129
Trd, 085843.383, 129
Trd, 085843.433, 125
Trd, 085843.600, 117
Trd, 085843.733, 131
Trd, 085843.817, 105
Trd, 085844.233, 100
Trd, 085844.850, 132
Trd, 085844.883, 131
Trd, 085845.233, 111
Trd, 085845.733, 135
Trd, 085845.850, 126
Trd, 085846.000, 95
Trd, 085846.067, 94
Trd, 085846.767, 135
Trd, 085846.950, 124
Trd, 085846.967, 123
Trd, 085847.500, 140
Trd, 085847.700, 112
Trd, 085848.150, 140
Trd, 085848.683, 140
Trd, 085848.750, 140
Trd, 085848.967, 123
Trd, 085849.200, 137
Trd, 085849.350, 123
Trd, 085850.117, 136
Trd, 085850.583, 124
Trd, 085850.700, 122
Trd, 085850.733, 110
Trd, 085851.200, 126
Trd, 085851.283, 112
Trd, 085851.567, 108
Trd, 085851.583, 107
Trd, 085852.100, 127
Trd, 085852.300, 140
Trd, 085852.650, 138
Trd, 085852.683, 119
Trd, 085852.700, 118
Trd, 085853.000, 136
Trd, 085853.183, 122
Trd, 085853.450, 126
Trd, 085853.683, 128
Trd, 085854.250, 119
Trd, 085854.383, 114
Trd, 085854.533, 124
Trd, 085854.717, 127
Trd, 085854.833, 113
Trd, 085855.267, 128
Trd, 085855.533, 139
Trd, 085855.617, 122
Trd, 085855.633, 120
Trd, 085855.667, 112
Trd, 085856.750, 135
Trd, 085857.067, 134
Trd, 085857.400, 117
Trd, 085857.567, 123
Trd, 085858.000, 124
Trd, 085858.233, 123
Trd, 085858.367, 129
Trd, 085858.450, 130
Trd, 085858.583, 135
Trd, 085859.067, 127
Trd, 085859.367, 127
Trd, 085859.483, 125
Trd, 085859.567, 119
Trd, 085859.700, 110
Trd, 085860.100, 124
Trd, 085860.633, 139
Trd, 085860.950, 126
Trd, 085861.300, 138
Trd, 085861.583, 126
Trd, 085862.283, 117
Trd, 085862.367, 123
Trd, 085862.383, 116
Trd, 085862.617, 122
Trd, 085862.883, 120
Trd, 085863.083, 120
Trd, 085863.117, 119
Trd, 085863.200, 122
Trd, 085863.300, 118
Trd, 085863.450, 112
Trd, 085863.667, 113
Trd, 085863.917, 103
Trd, 085863.983, 122
Trd, 085864.150, 108
Trd, 085864.350, 92
Trd, 085865.000, 90
Trd, 085865.483, 76
Trd, 085865.500, 99
Trd, 085865.917, 102
Trd, 085865.933, 107
Trd, 085866.050, 127
Trd, 085866.067, 98
Trd, 085866.833, 82
Trd, 085867.000, 63
Trd, 085867.317, 105
Trd, 085867.500, 104
Trd, 085867.817, 122
Trd, 085868.950, 131
Trd, 085868.967, 120
Trd, 085869.250, 134
Trd, 085869.333, 133
Trd, 085869.533, 139
Trd, 085869.733, 136
Trd, 085870.083, 135
Trd, 085870.483, 121
Trd, 085870.917, 140
Trd, 085871.117, 126
Trd, 085871.500, 122
Trd, 085871.633, 127
Trd, 085872.083, 138
Trd, 085872.133, 123
Trd, 085872.233, 122
Trd, 085872.667, 139
Trd, 085872.700, 127
Trd, 085872.733, 126
Trd, 085873.500, 116
Trd, 085873.733, 130
Trd, 085873.900, 128
Trd, 085873.983, 133
Trd, 085874.000, 117
Trd, 085874.417, 130
Trd, 085874.667, 118
Trd, 085874.700, 117
Trd, 085874.883, 120
Trd, 085875.067, 127
Trd, 085875.167, 115
Trd, 085875.450, 117
Trd, 085875.533, 111
Trd, 085875.667, 108
Trd, 085875.850, 107
Trd, 085875.867, 101
Trd, 085876.183, 129
Trd, 085876.533, 120
Trd, 085877.183, 126
Trd, 085877.383, 117
Trd, 085877.417, 116
Trd, 085877.533, 128
Trd, 085877.567, 125
Trd, 085878.217, 129
Trd, 085878.300, 126
Trd, 085878.317, 125
Trd, 085878.517, 124
Trd, 085878.750, 125
Trd, 085879.000, 113
Trd, 085879.833, 140
Trd, 085880.200, 138
Trd, 085880.317, 132
Trd, 085880.467, 127
Trd, 085881.067, 139
Trd, 085881.500, 133
Trd, 085881.883, 134
Trd, 085881.900, 132
Trd, 085882.033, 126
Trd, 085882.133, 124
Trd, 085882.300, 131
Trd, 085882.350, 134
Trd, 085882.533, 124
Trd, 085882.933, 128
Trd, 085882.983, 135
Trd, 085883.067, 113
Trd, 085883.217, 104
Trd, 085883.333, 103
Trd, 085883.717, 84
Trd, 085883.850, 124
Trd, 085884.133, 113
Trd, 085884.183, 129
Trd, 085884.467, 109
Trd, 085885.333, 99
Trd, 085885.383, 98
Trd, 085885.583, 102
Trd, 085885.617, 102
Trd, 085885.900, 114
Trd, 085886.233, 102
Trd, 085886.383, 96
Trd, 085886.400, 119
Trd, 085886.650, 118
Trd, 085886.833, 114
Trd, 085886.933, 99
Trd, 085887.033, 98
Trd, 085887.517, 110
Trd, 085887.633, 98
Trd, 085887.733, 98
Trd, 085887.783, 112
Trd, 085887.917, 139
Trd, 085888.667, 105
Trd, 085889.150, 97
Trd, 085889.717, 96
Trd, 085889.750, 98
Trd, 085889.983, 119
Trd, 085890.283, 126
Trd, 085890.317, 121
Trd, 085891.283, 127
Trd, 085891.417, 127
Trd, 085891.667, 128
Trd, 085891.733, 129
Trd, 085891.850, 127
Trd, 085892.133, 125
Trd, 085892.233, 119
Trd, 085893.000, 118
Trd, 085893.383, 117
Trd, 085893.617, 119
Trd, 085893.683, 115
Trd, 085894.117, 113
Trd, 085894.183, 111
Trd, 085894.217, 110
Trd, 085894.600, 132
Trd, 085894.917, 126
Trd, 085894.933, 133
Trd, 085895.317, 98
Trd, 085895.450, 125
Trd, 085895.517, 135
Trd, 085895.583, 101
Trd, 085895.683, 104
Trd, 085896.133, 100
Trd, 085896.367, 110
Trd, 085896.433, 111
Trd, 085897.500, 107
Trd, 085897.517, 99
Trd, 085897.850, 102
Trd, 085898.250, 104
Trd, 085898.333, 101
Trd, 085898.517, 94
Trd, 085898.600, 93
Trd, 085898.733, 107
Trd, 085898.867, 119
Trd, 085899.233, 115
Trd, 085899.433, 111
Trd, 085899.767, 117
Trd, 085899.900, 121
Trd, 085900.050, 110
Trd, 085900.350, 116
Trd, 085900.617, 113
Trd, 085900.750, 114
Trd, 085900.933, 112
Trd, 085901.300, 136
Trd, 085901.617, 131
Trd, 085901.817, 125
Trd, 085902.300, 127
Trd, 085902.383, 117
Trd, 085902.583, 133
Trd, 085902.750, 139
Trd, 085903.417, 133
Trd, 085903.600, 119
Trd, 085903.767, 118
Trd, 085903.900, 117
Trd, 085904.283, 122
Trd, 085904.733, 123
Trd, 085904.750, 110
Trd, 085905.017, 108
Trd, 085905.383, 105
Trd, 085905.500, 123
Trd, 085905.550, 104
Trd, 085905.650, 101
Trd, 085905.883, 92
Trd, 085906.067, 83
Trd, 085906.150, 86
Trd, 085906.167, 95
Trd, 085906.367, 83
Trd, 085906.767, 86
Trd, 085907.117, 96
Trd, 085907.133, 112
Trd, 085907.733, 88
Trd, 085908.100, 120
Trd, 085908.150, 87
Trd, 085908.183, 86
Trd, 085908.633, 99
Trd, 085908.917, 115
Trd, 085909.100, 140
Trd, 085909.383, 140
Trd, 085909.567, 140
Trd, 085910.350, 140
Trd, 085910.633, 140
Trd, 085910.667, 140
Trd, 085910.850, 122
Trd, 085911.133, 128
Trd, 085911.517, 114
Trd, 085911.733, 122
Trd, 085911.850, 121
Trd, 085911.933, 112
Trd, 085912.150, 104
Trd, 085912.300, 123
Trd, 085912.567, 131
Trd, 085913.333, 138
Trd, 085913.750, 139
Trd, 085914.183, 140
Trd, 085915.283, 140
Trd, 085915.417, 140
Trd, 085915.667, 140
Trd, 085916.000, 140
Trd, 085916.233, 140
Trd, 085916.533, 138
Trd, 085916.583, 138
Trd, 085917.133, 127
Trd, 085917.350, 137
Trd, 085917.433, 124
Trd, 085917.950, 134
Trd, 085918.417, 132
Trd, 085918.500, 133
Trd, 085918.567, 131
Trd, 085918.650, 127
Trd, 085919.017, 125
Trd, 085919.500, 132
Trd, 085919.783, 123
Trd, 085919.950, 120
Trd, 085919.967, 117
Trd, 085920.167, 112
Trd, 085920.217, 83
Trd, 085920.417, 94
Trd, 085921.017, 106
Trd, 085921.167, 99
Trd, 085921.267, 105
Trd, 085921.567, 106
Trd, 085921.950, 94
Trd, 085922.067, 93
Trd, 085922.100, 86
Trd, 085922.300, 85
Trd, 085922.400, 100
Trd, 085922.467, 103
Trd, 085922.950, 120
Trd, 085923.167, 119
Trd, 085923.317, 103
Trd, 085923.433, 125
Trd, 085923.700, 119
Trd, 085923.967, 90
Trd, 085924.233, 122
Trd, 085924.517, 111
Trd, 085924.667, 94
Trd, 085925.017, 93
Trd, 085925.350, 95
Trd, 085925.483, 96
Trd, 085925.533, 97
Trd, 085925.667, 121
Trd, 085925.933, 114
Trd, 085926.633, 131
Trd, 085926.733, 133
Trd, 085926.850, 118
Trd, 085926.883, 117
Trd, 085927.067, 110
Trd, 085927.533, 108
Trd, 085927.817, 104
Trd, 085927.933, 85
Trd, 085928.000, 111
Trd, 085928.033, 113
Trd, 085928.050, 133
Trd, 085928.383, 112
Trd, 085929.300, 112
Trd, 085929.533, 109
Trd, 085929.983, 99
Trd, 085930.150, 119
Trd, 085930.667, 106
Trd, 085930.867, 94
Trd, 085930.950, 91
Trd, 085931.300, 118
Trd, 085931.667, 119
Trd, 085932.200, 114
Trd, 085932.567, 115
Trd, 085932.883, 114
Trd, 085933.033, 113
Trd, 085933.333, 112
Trd, 085933.567, 94
Trd, 085933.817, 94
Trd, 085933.850, 73
Trd, 085934.017, 81
Trd, 085935.150, 72
Trd, 085935.333, 75
Trd, 085935.550, 114
Trd, 085935.583, 100
Trd, 085935.717, 126
Trd, 085935.900, 72
Trd, 085935.917, 101
Trd, 085936.083, 88
Trd, 085936.117, 102
Trd, 085936.633, 126
Trd, 085936.917, 125
Trd, 085936.983, 120
Trd, 085937.383, 127
Trd, 085937.433, 115
Trd, 085937.500, 137
Trd, 085937.850, 115
Trd, 085938.017, 114
Trd, 085938.633, 115
Trd, 085938.683, 116
Trd, 085938.767, 120
Trd, 085939.217, 113
Trd, 085939.600, 108
Trd, 085939.717, 114
Trd, 085939.733, 115
Trd, 085939.983, 116
Trd, 085940.467, 111
Trd, 085940.650, 124
Trd, 085940.667, 89
Trd, 085941.083, 90
Trd, 085941.217, 89
Trd, 085941.383, 86
Trd, 085941.500, 124
Trd, 085942.150, 130
Trd, 085942.467, 126
Trd, 085942.617, 95
Trd, 085942.683, 93
Trd, 085943.217, 130
Trd, 085943.250, 126
Trd, 085943.650, 116
Trd, 085944.000, 131
Trd, 085944.033, 124
Trd, 085944.133, 132
Trd, 085944.633, 122
Trd, 085944.717, 118
Trd, 085944.867, 118
Trd, 085945.133, 119
Trd, 085945.183, 108
Trd, 085945.267, 115
Trd, 085945.450, 112
Trd, 085945.650, 102
Trd, 085945.683, 99
Trd, 085947.100, 101
Trd, 085947.117, 108
Trd, 085947.350, 108
Trd, 085947.383, 100
Trd, 085948.067, 95
Trd, 085948.167, 95
Trd, 085948.200, 125
Trd, 085948.333, 94
Trd, 085948.617, 99
Trd, 085948.750, 102
Trd, 085949.450, 135
Trd, 085949.617, 113
Trd, 085949.917, 140
Trd, 085950.083, 118
Trd, 085950.783, 131
Trd, 085951.133, 133
Trd, 085951.317, 140
Trd, 085951.383, 139
Trd, 085952.083, 130
Trd, 085952.183, 129
Trd, 085952.300, 120
Trd, 085952.550, 130
Trd, 085953.317, 140
Trd, 085954.083, 140
Trd, 085954.250, 140
Trd, 085954.900, 136
Trd, 085955.067, 133
Trd, 085955.083, 130
Trd, 085955.267, 137
Trd, 085955.467, 124
Trd, 085955.633, 124
Trd, 085955.750, 122
Trd, 085955.867, 119
Trd, 085956.350, 130
Trd, 085956.400, 126
Trd, 085956.833, 118
Trd, 085957.133, 129
Trd, 085957.350, 118
Trd, 085957.550, 125
Trd, 085957.617, 117
Trd, 085957.750, 129
Trd, 085957.933, 122
Trd, 085958.467, 127
Trd, 085958.733, 122
Trd, 085958.867, 112
Trd, 085959.000, 110
Trd, 085959.033, 107
Trd, 085959.167, 85
Trd, 085959.233, 124
Trd, 085959.300, 82
Trd, 085959.683, 63
Trd, 085959.983, 136
Trd, 085960.033, 120
Trd, 085961.400, 120
Trd, 085961.583, 115
Trd, 085961.783, 118
Trd, 085961.950, 114
Trd, 085962.050, 121
Trd, 085962.183, 119
Trd, 085962.300, 112
Trd, 085962.483, 116
Trd, 085962.517, 123
Trd, 085962.700, 119
Trd, 085963.183, 137
Trd, 085963.417, 130
Trd, 085964.017, 134
Trd, 085964.183, 130
Trd, 085964.383, 131
Trd, 085964.483, 133
Trd, 085964.633, 130
Trd, 085964.700, 129
Trd, 085964.767, 128
Trd, 085964.883, 122
Trd, 085965.583, 115
Trd, 085965.700, 107
Trd, 085965.783, 124
Trd, 085966.067, 105
Trd, 085966.217, 127
Trd, 085966.267, 126
Trd, 085966.617, 117
Trd, 085966.767, 116
Trd, 085966.950, 128
Trd, 085967.817, 117
Trd, 085967.900, 106
Trd, 085968.583, 138
Trd, 085968.850, 130
Trd, 085969.000, 130
Trd, 085969.033, 129
Trd, 085969.217, 128
Trd, 085969.350, 115
Trd, 085969.600, 120
Trd, 085970.050, 121
Trd, 085970.133, 114
Trd, 085970.183, 108
Trd, 085970.333, 100
Trd, 085970.533, 101
Trd, 085970.867, 98
Trd, 085970.883, 110
Trd, 085971.250, 123
Trd, 085971.933, 106
Trd, 085972.417, 125
Trd, 085972.800, 118
Trd, 085972.850, 113
Trd, 085973.233, 131
Trd, 085973.900, 115
Trd, 085974.150, 121
Trd, 085974.217, 121
Trd, 085974.283, 121
Trd, 085974.300, 119
Trd, 085974.333, 122
Trd, 085974.533, 120
Trd, 085974.600, 124
Trd, 085974.817, 125
Trd, 085974.917, 125
Trd, 085975.000, 127
Trd, 085975.050, 109
Trd, 085975.917, 140
Trd, 085975.950, 140
Trd, 085976.200, 140
Trd, 085976.233, 139
Trd, 085976.400, 122
Trd, 085976.450, 106
Trd, 085976.717, 109
Trd, 085977.017, 109
Trd, 085978.233, 110
Trd, 085978.417, 111
Trd, 085978.583, 119
Trd, 085978.600, 110
Trd, 085978.917, 140
Trd, 085979.267, 122
Trd, 085979.417, 124
Trd, 085979.433, 109
Trd, 085979.667, 106
Trd, 085980.550, 135
Trd, 085980.650, 124
Trd, 085980.667, 122
Trd, 085980.883, 123
Trd, 085981.200, 121
Trd, 085981.233, 115
Trd, 085981.833, 115
Trd, 085981.900, 114
Trd, 085983.117, 138
Trd, 085983.133, 116
Trd, 085983.433, 119
Trd, 085983.583, 114
Trd, 085983.650, 113
Trd, 085983.700, 131
Trd, 085984.017, 80
Trd, 085984.383, 139
Trd, 085985.183, 133
Trd, 085985.333, 133
Trd, 085985.383, 131
Trd, 085985.500, 131
Trd, 085986.117, 129
Trd, 085986.133, 135
Trd, 085986.400, 138
Trd, 085986.917, 140
Trd, 085987.250, 140
Trd, 085987.267, 139
Trd, 085987.350, 137
Trd, 085987.400, 128
Trd, 085987.600, 138
Trd, 085987.750, 119
Trd, 085988.033, 118
Trd, 085988.200, 123
Trd, 085988.300, 129
Trd, 085988.717, 109
Trd, 085988.800, 109
Trd, 085988.900, 100
Trd, 085989.400, 118
Trd, 085989.817, 127
Trd, 085990.267, 126
Trd, 085990.567, 115
Trd, 085990.617, 113
Trd, 085990.667, 111
Trd, 085990.883, 128
Trd, 085991.050, 131
Trd, 085991.150, 123
Trd, 085991.200, 107
Trd, 085992.083, 102
Trd, 085992.117, 116
Trd, 085992.450, 122
Trd, 085992.733, 110
Trd, 085993.400, 111
Trd, 085993.500, 122
Trd, 085993.583, 93
Trd, 085993.717, 91
Trd, 085994.367, 92
Trd, 085994.483, 104
Trd, 085994.850, 100
Trd, 085994.950, 91
Trd, 085995.050, 93
Trd, 085995.083, 109
Trd, 085995.433, 123
Trd, 085995.700, 113
Trd, 085995.717, 99
Trd, 085995.767, 95
Trd, 085996.200, 83
Trd, 085996.533, 102
Trd, 085996.817, 115
Trd, 085996.900, 103
Trd, 085997.233, 119
Trd, 085997.650, 115
Trd, 085997.667, 114
Trd, 085998.283, 104
Trd, 085998.417, 116
Trd, 085998.583, 118
Trd, 085998.800, 104
Trd, 085998.833, 103
Trd, 085999.333, 102
Trd, 085999.717, 104
Trd, 085999.750, 118
Trd, 085999.800, 103
Trd, 085999.933, 127
Trd, 086000.300, 137
Trd, 086000.650, 136
Trd, 086000.733, 108
Trd, 086000.817, 101
Trd, 086001.350, 102
Trd, 086001.467, 102
Trd, 086001.583, 129
Trd, 086001.683, 102
Trd, 086002.550, 133
Trd, 086002.617, 136
Trd, 086002.883, 119
Trd, 086002.933, 118
Trd, 086003.050, 116
Trd, 086003.200, 116
Trd, 086003.417, 125
Trd, 086003.467, 126
Trd, 086003.833, 107
Trd, 086004.133, 106
Trd, 086004.317, 110
Trd, 086004.500, 105
Trd, 086004.800, 101
Trd, 086005.017, 86
Trd, 086005.183, 84
Trd, 086005.233, 92
Trd, 086005.467, 74
Trd, 086005.950, 70
Trd, 086006.100, 103
Trd, 086006.383, 104
Trd, 086006.750, 72
Trd, 086006.917, 70
Trd, 086007.100, 107
Trd, 086007.117, 103
Trd, 086007.233, 68
Trd, 086007.917, 117
Trd, 086008.133, 122
Trd, 086008.300, 129
Trd, 086008.700, 129
Trd, 086009.100, 121
Trd, 086009.167, 115
Trd, 086009.267, 127
Trd, 086009.433, 117
Trd, 086009.467, 116
Trd, 086009.683, 98
Trd, 086009.733, 96
Trd, 086010.150, 127
Trd, 086011.050, 138
Trd, 086011.417, 137
Trd, 086011.467, 135
Trd, 086012.000, 140
Trd, 086012.167, 139
Trd, 086012.617, 139
Trd, 086012.767, 140
Trd, 086012.783, 124
Trd, 086012.900, 123
Trd, 086013.367, 120
Trd, 086013.633, 120
Trd, 086013.883, 107
Trd, 086014.033, 105
Trd, 086014.533, 117
Trd, 086014.617, 112
Trd, 086014.717, 119
Trd, 086014.750, 105
Trd, 086014.967, 106
Trd, 086015.133, 107
Trd, 086015.250, 96
Trd, 086015.433, 106
Trd, 086015.567, 90
Trd, 086015.783, 105
Trd, 086015.850, 92
Trd, 086015.900, 87
Trd, 086016.667, 137
Trd, 086016.767, 130
Trd, 086017.083, 136
Trd, 086017.483, 127
Trd, 086018.400, 135
Trd, 086018.583, 129
Trd, 086018.883, 139
Trd, 086019.900, 132
Trd, 086020.017, 132
Trd, 086020.033, 131
Trd, 086020.083, 128
Trd, 086020.117, 121
Trd, 086020.667, 127
Trd, 086020.900, 119
Trd, 086020.967, 118
Trd, 086021.117, 126
Trd, 086021.650, 127
Trd, 086021.700, 128
Trd, 086021.800, 112
Trd, 086021.950, 115
Trd, 086022.000, 111
Trd, 086022.350, 119
Trd, 086022.833, 118
Trd, 086023.383, 131
Trd, 086024.017, 132
Trd, 086024.433, 135
Trd, 086024.450, 134
Trd, 086024.617, 134
Trd, 086024.667, 133
Trd, 086025.283, 133
Trd, 086025.667, 131
Trd, 086025.983, 130
Trd, 086026.033, 124
Trd, 086026.067, 118
Trd, 086026.133, 117
Trd, 086026.450, 123
Trd, 086026.700, 124
Trd, 086027.050, 113
Trd, 086027.167, 112
Trd, 086027.500, 105
Trd, 086028.000, 96
Trd, 086028.167, 97
Trd, 086028.333, 100
Trd, 086028.650, 123
Trd, 086028.683, 132
Trd, 086028.783, 95
Trd, 086029.083, 138
Trd, 086029.467, 139
Trd, 086029.533, 128
Trd, 086029.717, 122
Trd, 086029.800, 102
Trd, 086030.017, 99
Trd, 086030.400, 109
Trd, 086030.983, 108
Trd, 086031.367, 102
Trd, 086031.567, 105
Trd, 086031.900, 122
Trd, 086031.983, 118
Trd, 086032.017, 105
Trd, 086032.483, 131
Trd, 086033.033, 133
Trd, 086033.067, 132
Trd, 086033.150, 116
Trd, 086033.800, 129
Trd, 086033.850, 127
Trd, 086034.183, 138
Trd, 086034.467, 126
Trd, 086034.700, 121
Trd, 086034.850, 120
Trd, 086034.950, 134
Trd, 086035.117, 133
Trd, 086035.333, 112
Trd, 086035.550, 108
Trd, 086035.833, 84
Trd, 086035.933, 117
Trd, 086036.533, 129
Trd, 086036.667, 127
Trd, 086036.767, 102
Trd, 086036.950, 101
Trd, 086036.967, 84
Trd, 086037.383, 131
Trd, 086037.600, 133
Trd, 086037.617, 134
Trd, 086037.850, 131
Trd, 086037.900, 138
Trd, 086038.167, 115
Trd, 086038.767, 129
Trd, 086039.117, 138
Trd, 086039.433, 136
Trd, 086039.567, 120
Trd, 086039.867, 137
Trd, 086040.100, 120
Trd, 086040.150, 119
Trd, 086040.500, 109
Trd, 086040.683, 121
Trd, 086040.800, 106
Trd, 086041.050, 101
Trd, 086041.217, 139
Trd, 086041.900, 134
Trd, 086041.917, 101
Trd, 086042.217, 100
Trd, 086042.433, 89
Trd, 086042.533, 108
Trd, 086043.133, 115
Trd, 086043.517, 120
Trd, 086043.800, 122
Trd, 086044.167, 105
Trd, 086044.450, 117
Trd, 086044.633, 104
Trd, 086044.683, 103
Trd, 086044.850, 102
Trd, 086044.917, 99
Trd, 086045.667, 101
Trd, 086045.733, 96
Trd, 086045.867, 125
Trd, 086045.917, 126
Trd, 086046.417, 119
Trd, 086046.967, 118
Trd, 086047.200, 140
Trd, 086047.267, 92
Trd, 086047.850, 137
Trd, 086047.917, 123
Trd, 086048.100, 126
Trd, 086048.250, 138
Trd, 086048.367, 108
Trd, 086048.617, 118
Trd, 086049.050, 134
Trd, 086049.133, 108
Trd, 086049.283, 126
Trd, 086049.483, 130
Trd, 086049.650, 102
Trd, 086050.100, 138
Trd, 086050.667, 109
Trd, 086051.017, 125
Trd, 086051.367, 127
Trd, 086051.483, 124
Trd, 086051.817, 140
Trd, 086052.617, 133
Trd, 086052.817, 128
Trd, 086053.067, 127
Trd, 086053.317, 127
Trd, 086053.500, 128
Trd, 086053.767, 126
Trd, 086053.850, 113
Trd, 086054.550, 130
Trd, 086054.583, 116
Trd, 086055.000, 119
Trd, 086055.033, 117
Trd, 086055.350, 112
Trd, 086055.783, 139
Trd, 086056.000, 119
Trd, 086056.067, 134
Trd, 086056.117, 105
Trd, 086056.300, 140
Trd, 086056.383, 140
Trd, 086057.583, 140
Trd, 086057.917, 140
Trd, 086058.217, 140
Trd, 086058.250, 130
Trd, 086058.283, 128
Trd, 086058.350, 126
Trd, 086058.433, 120
Trd, 086058.667, 119
Trd, 086058.950, 137
Trd, 086059.100, 119
Trd, 086059.133, 118
Trd, 086059.500, 127
Trd, 086059.617, 126
Trd, 086059.883, 121
Trd, 086060.133, 121
Trd, 086060.183, 108
Trd, 086060.550, 79
Trd, 086060.567, 105
Trd, 086061.167, 107
Trd, 086061.383, 108
Trd, 086061.450, 139
Trd, 086061.517, 106
Trd, 086062.250, 129
Trd, 086062.717, 105
Trd, 086062.967, 101
Trd, 086063.183, 102
Trd, 086063.733, 136
Trd, 086063.867, 140
Trd, 086063.967, 138
Trd, 086064.433, 138
Trd, 086064.500, 135
Trd, 086064.567, 121
Trd, 086064.900, 119
Trd, 086065.267, 118
Trd, 086065.800, 126
Trd, 086066.450, 124
Trd, 086066.500, 122
Trd, 086066.717, 121
Trd, 086066.733, 128
Trd, 086066.883, 118
Trd, 086067.283, 118
Trd, 086067.333, 118
Trd, 086067.617, 126
Trd, 086067.733, 122
Trd, 086068.000, 122
Trd, 086068.517, 140
Trd, 086068.617, 140
Trd, 086068.683, 140
Trd, 086068.783, 138
Trd, 086068.817, 136
Trd, 086069.450, 140
Trd, 086069.733, 112
Trd, 086069.950, 110
Trd, 086070.000, 121
Trd, 086070.050, 101
Trd, 086070.167, 140
Trd, 086070.567, 117
Trd, 086070.933, 105
Trd, 086071.183, 115
Trd, 086071.250, 116
Trd, 086071.333, 116
Trd, 086071.667, 117
Trd, 086072.000, 109
Trd, 086072.483, 102
Trd, 086072.683, 126
Trd, 086072.983, 119
Trd, 086073.733, 134
Trd, 086073.883, 140
Trd, 086074.083, 140
Trd, 086074.483, 140
Trd, 086074.500, 140
Trd, 086075.150, 135
Trd, 086075.267, 137
Trd, 086075.317, 134
Trd, 086075.583, 130
Trd, 086075.667, 129
Trd, 086076.267, 134
Trd, 086076.517, 130
Trd, 086077.000, 126
Trd, 086077.167, 135
Trd, 086077.183, 125
Trd, 086077.450, 120
Trd, 086077.717, 131
Trd, 086077.867, 133
Trd, 086077.900, 109
Trd, 086078.050, 109
Trd, 086078.500, 103
Trd, 086078.717, 103
Trd, 086078.867, 114
Trd, 086078.967, 110
Trd, 086079.283, 103
Trd, 086079.383, 118
Trd, 086079.650, 124
Trd, 086079.917, 124
Trd, 086079.933, 111
Trd, 086080.317, 103
Trd, 086080.517, 114
Trd, 086080.533, 128
Trd, 086080.600, 98
Trd, 086081.633, 118
Trd, 086081.717, 110
Trd, 086081.817, 88
Trd, 086081.983, 89
Trd, 086082.483, 80
Trd, 086082.650, 81
Trd, 086082.717, 96
Trd, 086082.783, 78
Trd, 086082.800, 97
Trd, 086083.000, 120
Trd, 086083.400, 86
Trd, 086083.800, 87
Trd, 086083.867, 86
Trd, 086083.883, 80
Trd, 086083.967, 102
Trd, 086084.250, 81
Trd, 086084.400, 83
Trd, 086084.450, 106
Trd, 086084.633, 122
Trd, 086084.750, 80
Trd, 086084.817, 116
Trd, 086085.467, 140
Trd, 086085.517, 140
Trd, 086085.650, 139
Trd, 086086.683, 134
Trd, 086086.767, 127
Trd, 086086.867, 126
Trd, 086087.750, 139
Trd, 086087.833, 127
Trd, 086088.400, 120
Trd, 086088.850, 128
Trd, 086089.050, 136
Trd, 086089.600, 137
Trd, 086090.217, 124
Trd, 086090.383, 123
Trd, 086090.483, 125
Trd, 086090.667, 134
Trd, 086090.733, 118
Trd, 086091.050, 119
Trd, 086091.533, 135
Trd, 086092.100, 134
Trd, 086092.333, 133
Trd, 086092.467, 126
Trd, 086092.800, 108
Trd, 086093.267, 110
Trd, 086093.650, 135
Trd, 086093.767, 119
Trd, 086094.217, 118
Trd, 086094.233, 116
Trd, 086094.333, 111
Trd, 086094.350, 110
Trd, 086094.867, 126
Trd, 086095.083, 128
Trd, 086095.233, 118
Trd, 086095.900, 102
Trd, 086095.967, 93
Trd, 086096.833, 97
Trd, 086097.033, 86
Trd, 086097.217, 98
Trd, 086097.350, 84
Trd, 086097.383, 108
Trd, 086097.433, 108
Trd, 086098.283, 107
Trd, 086098.617, 110
Trd, 086098.683, 107
Trd, 086098.733, 111
Trd, 086098.783, 103
Trd, 086098.883, 131
Trd, 086099.283, 107
Trd, 086099.300, 105
Trd, 086099.717, 140
Trd, 086100.417, 140
Trd, 086100.483, 140
Trd, 086100.600, 131
Trd, 086100.817, 124
Trd, 086101.050, 133
Trd, 086101.167, 117
Trd, 086101.550, 121
Trd, 086101.567, 117
Trd, 086101.650, 82
Trd, 086102.050, 130
Trd, 086103.000, 106
Trd, 086103.050, 106
Trd, 086103.183, 105
Trd, 086103.233, 104
Trd, 086103.650, 103
Trd, 086104.250, 126
Trd, 086105.217, 103
Trd, 086105.283, 115
Trd, 086105.483, 117
Trd, 086106.300, 138
Trd, 086106.400, 137
Trd, 086106.717, 118
Trd, 086107.133, 133
Trd, 086107.333, 105
Trd, 086107.867, 134
Trd, 086108.333, 135
Trd, 086108.433, 133
Trd, 086108.467, 132
Trd, 086108.700, 130
Trd, 086108.733, 126
Trd, 086108.817, 131
Trd, 086109.067, 118
Trd, 086109.083, 137
Trd, 086109.117, 118
Trd, 086109.900, 140
Trd, 086110.050, 140
Trd, 086110.483, 128
Trd, 086110.550, 127
Trd, 086110.583, 126
Trd, 086110.783, 109
Trd, 086111.733, 124
Trd, 086111.800, 127
Trd, 086111.933, 98
Trd, 086112.117, 140
Trd, 086112.550, 80
Trd, 086112.650, 107
Trd, 086112.867, 84
Trd, 086113.483, 109
Trd, 086113.717, 129
Trd, 086113.883, 115
Trd, 086113.933, 100
Trd, 086114.367, 133
Trd, 086114.983, 129
Trd, 086115.500, 128
Trd, 086115.550, 135
Trd, 086115.567, 127
Trd, 086115.583, 125
Trd, 086115.917, 134
Trd, 086116.150, 114
Trd, 086116.400, 104
Trd, 086116.450, 99
Trd, 086116.567, 110
Trd, 086116.583, 108
Trd, 086117.183, 114
Trd, 086117.600, 124
Trd, 086118.333, 111
Trd, 086118.367, 108
Trd, 086118.383, 125
Trd, 086118.567, 133
Trd, 086118.617, 120
Trd, 086118.733, 112
Trd, 086119.000, 129
Trd, 086119.500, 114
Trd, 086120.017, 115
Trd, 086120.233, 117
Trd, 086120.283, 115
Trd, 086120.517, 125
Trd, 086120.717, 124
Trd, 086120.833, 113
Trd, 086121.533, 108
Trd, 086121.683, 125
Trd, 086121.983, 113
Trd, 086122.083, 112
Trd, 086122.100, 102
Trd, 086122.383, 126
Trd, 086122.467, 132
Trd, 086123.000, 109
Trd, 086123.450, 96
Trd, 086123.533, 118
Trd, 086123.950, 126
Trd, 086124.583, 112
Trd, 086124.650, 102
Trd, 086124.717, 101
Trd, 086124.817, 97
Trd, 086125.483, 136
Trd, 086125.833, 140
Trd, 086125.933, 122
Trd, 086125.967, 121
Trd, 086126.283, 128
Trd, 086126.517, 124
Trd, 086126.917, 131
Trd, 086127.450, 126
Trd, 086127.867, 130
Trd, 086127.967, 129
Trd, 086128.250, 140
Trd, 086128.617, 140
Trd, 086129.267, 140
Trd, 086129.467, 132
Trd, 086129.733, 132
Trd, 086129.800, 122
Trd, 086129.917, 109
Trd, 086130.033, 99
Trd, 086130.433, 99
Trd, 086130.783, 135
Trd, 086131.267, 135
Trd, 086131.300, 116
Trd, 086131.500, 116
Trd, 086131.617, 108
Trd, 086131.667, 118
Trd, 086131.700, 112
Trd, 086131.733, 103
Trd, 086131.967, 112
Trd, 086133.250, 130
Trd, 086133.800, 128
Trd, 086133.950, 131
Trd, 086133.967, 127
Trd, 086134.067, 124
Trd, 086134.117, 123
Trd, 086134.200, 122
Trd, 086134.417, 122
Trd, 086134.650, 121
Trd, 086134.967, 111
Trd, 086135.100, 110
Trd, 086135.633, 114
Trd, 086135.883, 106
Trd, 086135.900, 115
Trd, 086135.933, 101
Trd, 086136.000, 109
Trd, 086137.017, 97
Trd, 086137.300, 111
Trd, 086137.867, 130
Trd, 086137.933, 126
Trd, 086138.317, 122
Trd, 086138.800, 123
Trd, 086139.083, 129
Trd, 086139.833, 128
Trd, 086140.067, 124
Trd, 086140.100, 133
Trd, 086140.133, 120
Trd, 086140.500, 114
Trd, 086140.633, 130
Trd, 086140.817, 124
Trd, 086141.250, 133
Trd, 086141.683, 139
Trd, 086141.817, 139
Trd, 086141.967, 140
Trd, 086142.050, 138
Trd, 086142.417, 129
Trd, 086142.750, 128
Trd, 086143.067, 136
Trd, 086143.167, 123
Trd, 086143.233, 121
Trd, 086143.550, 122
Trd, 086143.883, 111
Trd, 086143.917, 133
Trd, 086144.133, 121
Trd, 086144.150, 113
Trd, 086144.317, 110
Trd, 086144.533, 135
Trd, 086144.950, 121
Trd, 086145.317, 109
Trd, 086145.417, 107
Trd, 086145.733, 95
Trd, 086146.250, 140
Trd, 086146.283, 140
Trd, 086146.767, 140
Trd, 086146.867, 140
Trd, 086146.950, 133
Trd, 086147.033, 124
Trd, 086147.383, 137
Trd, 086147.617, 130
Trd, 086148.483, 132
Trd, 086148.550, 119
Trd, 086148.600, 138
Trd, 086149.333, 140
Trd, 086149.400, 140
Trd, 086149.667, 139
Trd, 086149.783, 138
Trd, 086149.900, 137
Trd, 086150.017, 136
Trd, 086150.067, 122
Trd, 086150.233, 132
Trd, 086150.350, 125
Trd, 086151.067, 131
Trd, 086151.150, 119
Trd, 086151.217, 135
Trd, 086151.483, 120
Trd, 086151.967, 131
Trd, 086151.983, 123
Trd, 086152.717, 127
Trd, 086152.917, 126
Trd, 086153.900, 140
Trd, 086154.117, 140
Trd, 086154.267, 140
Trd, 086154.500, 140
Trd, 086154.600, 140
Trd, 086154.617, 140
Trd, 086155.000, 134
Trd, 086155.083, 140
Trd, 086155.217, 137
Trd, 086155.367, 125
Trd, 086155.500, 118
Trd, 086156.150, 122
Trd, 086156.250, 136
Trd, 086156.483, 119
Trd, 086156.517, 138
Trd, 086157.183, 116
Trd, 086157.333, 115
Trd, 086157.550, 126
Trd, 086157.817, 120
Trd, 086158.533, 125
Trd, 086158.650, 124
Trd, 086158.667, 115
Trd, 086158.783, 112
Trd, 086159.067, 107
Trd, 086159.517, 112
Trd, 086159.700, 125
Trd, 086159.883, 118
Trd, 086159.917, 106
Trd, 086159.950, 73
Trd, 086160.100, 87
Trd, 086161.150, 130
Trd, 086161.367, 112
Trd, 086161.883, 115
Trd, 086161.967, 114
Trd, 086162.517, 134
Trd, 086162.567, 107
Trd, 086163.633, 133
Trd, 086163.883, 130
Trd, 086164.200, 130
Trd, 086164.417, 130
Trd, 086164.433, 126
Trd, 086164.450, 133
Trd, 086164.550, 119
Trd, 086164.750, 139
Trd, 086164.967, 138
Trd, 086165.250, 129
Trd, 086165.583, 120
Trd, 086165.700, 111
Trd, 086165.950, 116
Trd, 086167.133, 124
Trd, 086167.167, 109
Trd, 086167.250, 95
Trd, 086167.467, 91
Trd, 086167.483, 86
Trd, 086167.867, 135
Trd, 086168.183, 132
Trd, 086168.400, 138
Trd, 086169.000, 129
Trd, 086169.467, 135
Trd, 086169.600, 136
Trd, 086169.800, 134
Trd, 086170.350, 134
Trd, 086170.417, 134
Trd, 086170.517, 133
Trd, 086170.633, 120
Trd, 086170.717, 112
Trd, 086170.817, 115
Trd, 086171.050, 129
Trd, 086171.217, 120
Trd, 086171.517, 127
Trd, 086171.567, 135
Trd, 086171.867, 133
Trd, 086171.933, 131
Trd, 086172.650, 115
Trd, 086172.883, 114
Trd, 086173.333, 122
Trd, 086173.867, 125
Trd, 086174.117, 114
Trd, 086174.250, 113
Trd, 086174.717, 126
Trd, 086175.300, 129
Trd, 086175.317, 130
Trd, 086176.183, 128
Trd, 086176.317, 127
Trd, 086176.517, 128
Trd, 086176.567, 126
Trd, 086176.633, 126
Trd, 086176.717, 129
Trd, 086176.833, 124
Trd, 086177.067, 120
Trd, 086177.200, 107
Trd, 086177.250, 94
Trd, 086177.467, 96
Trd, 086177.483, 128
Trd, 086177.717, 132
Trd, 086177.917, 136
Trd, 086177.983, 124
Trd, 086178.217, 125
Trd, 086178.550, 125
Trd, 086178.600, 119
Trd, 086178.617, 113
Trd, 086178.867, 113
Trd, 086179.167, 131
Trd, 086179.183, 105
Trd, 086179.983, 89
Trd, 086180.017, 108
Trd, 086180.267, 121
Trd, 086181.100, 110
Trd, 086181.250, 116
Trd, 086181.433, 116
Trd, 086182.417, 121
Trd, 086182.900, 133
Trd, 086183.133, 121
Trd, 086183.350, 127
Trd, 086183.750, 120
Trd, 086183.817, 118
Trd, 086184.083, 106
Trd, 086184.483, 127
Trd, 086184.567, 101
Trd, 086184.600, 128
Trd, 086185.217, 125
Trd, 086185.350, 128
Trd, 086185.467, 136
Trd, 086185.600, 123
Trd, 086185.667, 112
Trd, 086185.967, 140
Trd, 086186.033, 81
Trd, 086187.217, 124
Trd, 086187.517, 120
Trd, 086187.867, 120
Trd, 086188.083, 122
Trd, 086188.250, 120
Trd, 086188.450, 118
Trd, 086188.883, 109
Trd, 086189.117, 108
Trd, 086189.233, 109
Trd, 086189.317, 117
Trd, 086189.350, 108
Trd, 086189.767, 140
Trd, 086190.483, 134
Trd, 086190.850, 131
Trd, 086190.900, 127
Trd, 086191.100, 108
Trd, 086191.467, 134
Trd, 086191.883, 113
Trd, 086192.550, 102
Trd, 086192.600, 129
Trd, 086192.617, 101
Trd, 086193.367, 130
Trd, 086193.467, 138
Trd, 086193.600, 109
Trd, 086194.100, 123
Trd, 086194.300, 123
Trd, 086194.317, 121
Trd, 086194.800, 120
Trd, 086194.833, 119
Trd, 086194.867, 124
Trd, 086194.967, 120
Trd, 086195.433, 128
Trd, 086195.833, 95
Trd, 086195.967, 94
Trd, 086196.200, 127
Trd, 086196.333, 108
Trd, 086196.650, 134
Trd, 086196.967, 122
Trd, 086197.250, 108
Trd, 086197.283, 94
Trd, 086197.783, 94
Trd, 086197.867, 93
Trd, 086198.433, 121
Trd, 086198.617, 118
Trd, 086198.733, 123
Trd, 086198.767, 92
Trd, 086198.867, 98
Trd, 086198.967, 122
Trd, 086199.117, 138
Trd, 086199.667, 129
Trd, 086199.700, 116
Trd, 086199.783, 115
Trd, 086200.033, 118
Trd, 086200.050, 104
Trd, 086200.817, 140
Trd, 086201.033, 106
Trd, 086201.217, 138
Trd, 086201.917, 132
Trd, 086202.217, 140
Trd, 086202.400, 140
Trd, 086202.567, 135
Trd, 086203.200, 130
Trd, 086203.667, 123
Trd, 086203.767, 107
Trd, 086203.983, 131
Trd, 086204.000, 95
Trd, 086204.083, 92
Trd, 086204.183, 107
Trd, 086204.783, 125
Trd, 086204.933, 134
Trd, 086205.800, 123
Trd, 086206.200, 121
Trd, 086206.267, 120
Trd, 086206.500, 117
Trd, 086206.550, 115
Trd, 086206.650, 127
Trd, 086207.317, 117
Trd, 086207.467, 130
Trd, 086207.633, 114
Trd, 086208.033, 114
Trd, 086208.467, 114
Trd, 086208.500, 113
Trd, 086208.683, 107
Trd, 086208.933, 102
Trd, 086209.167, 83
Trd, 086209.400, 119
Trd, 086209.500, 118
Trd, 086209.650, 103
Trd, 086209.733, 100
Trd, 086209.817, 120
Trd, 086210.233, 121
Trd, 086210.350, 122
Trd, 086210.617, 116
Trd, 086211.150, 139
Trd, 086212.533, 130
Trd, 086212.683, 129
Trd, 086213.150, 127
Trd, 086213.367, 139
Trd, 086213.833, 125
Trd, 086213.950, 131
Trd, 086214.050, 123
Trd, 086214.450, 139
Trd, 086214.517, 122
Trd, 086214.733, 111
Trd, 086214.783, 110
Trd, 086214.800, 109
Trd, 086214.833, 111
Trd, 086215.033, 108
Trd, 086215.217, 109
Trd, 086215.367, 97
Trd, 086215.583, 103
Trd, 086216.017, 102
Trd, 086216.167, 109
Trd, 086216.317, 86
Trd, 086216.933, 129
Trd, 086217.217, 117
Trd, 086217.283, 125
Trd, 086217.433, 127
Trd, 086218.067, 140
Trd, 086218.433, 140
Trd, 086218.550, 140
Trd, 086218.633, 123
Trd, 086219.300, 128
Trd, 086219.317, 121
Trd, 086219.583, 139
Trd, 086219.917, 130
Trd, 086219.933, 116
Trd, 086220.417, 113
Trd, 086220.717, 140
Trd, 086221.317, 140
Trd, 086221.417, 140
Trd, 086221.733, 139
Trd, 086222.067, 131
Trd, 086222.200, 131
Trd, 086222.450, 130
Trd, 086222.533, 108
Trd, 086222.550, 137
Trd, 086222.750, 136
Trd, 086222.900, 133
Trd, 086223.167, 128
Trd, 086223.200, 118
Trd, 086223.433, 140
Trd, 086223.700, 110
Trd, 086223.800, 99
Trd, 086224.300, 101
Trd, 086224.333, 110
Trd, 086224.417, 111
Trd, 086224.617, 106
Trd, 086225.083, 111
Trd, 086225.167, 103
Trd, 086225.250, 116
Trd, 086225.583, 111
Trd, 086226.050, 103
Trd, 086226.200, 116
Trd, 086226.233, 100
Trd, 086226.400, 129
Trd, 086226.833, 97
Trd, 086227.150, 134
Trd, 086227.233, 129
Trd, 086227.583, 130
Trd, 086227.633, 127
Trd, 086227.700, 117
Trd, 086227.883, 114
Trd, 086227.900, 95
Trd, 086228.317, 108
Trd, 086228.867, 104
Trd, 086228.983, 116
Trd, 086229.600, 131
Trd, 086230.450, 125
Trd, 086230.500, 131
Trd, 086230.767, 134
Trd, 086231.017, 124
Trd, 086231.033, 135
Trd, 086231.300, 113
Trd, 086231.417, 112
Trd, 086231.500, 111
Trd, 086231.567, 110
Trd, 086231.600, 108
Trd, 086232.083, 129
Trd, 086232.150, 112
Trd, 086232.583, 130
Trd, 086232.800, 122
Trd, 086233.350, 123
Trd, 086233.583, 131
Trd, 086233.683, 121
Trd, 086233.817, 120
Trd, 086234.167, 120
Trd, 086234.317, 109
Trd, 086234.417, 106
Trd, 086234.467, 133
Trd, 086234.533, 97
Trd, 086235.367, 132
Trd, 086235.533, 135
Trd, 086235.583, 108
Trd, 086235.900, 107
Trd, 086236.267, 127
Trd, 086236.283, 139
Trd, 086236.500, 134
Trd, 086236.617, 132
Trd, 086237.083, 132
Trd, 086237.150, 121
Trd, 086237.400, 132
Trd, 086237.733, 127
Trd, 086237.883, 126
Trd, 086238.067, 113
Trd, 086238.667, 134
Trd, 086239.117, 130
Trd, 086239.517, 111
Trd, 086239.933, 126
Trd, 086240.300, 120
Trd, 086240.450, 124
Trd, 086240.650, 124
Trd, 086240.900, 123
Trd, 086241.400, 114
Trd, 086241.433, 115
Trd, 086241.483, 116
Trd, 086241.967, 114
Trd, 086242.583, 138
Trd, 086242.600, 137
Trd, 086242.617, 112
Trd, 086242.850, 113
Trd, 086243.050, 112
Trd, 086243.833, 130
Trd, 086243.983, 113
Trd, 086244.000, 129
Trd, 086244.050, 113
Trd, 086244.367, 140
Trd, 086244.733, 140
Trd, 086245.450, 119
Trd, 086245.600, 92
Trd, 086246.233, 108
Trd, 086246.400, 91
Trd, 086246.417, 90
Trd, 086246.467, 108
Trd, 086246.917, 100
Trd, 086247.000, 100
Trd, 086247.083, 101
Trd, 086247.383, 135
Trd, 086247.533, 90
Trd, 086247.600, 107
Trd, 086248.000, 108
Trd, 086248.450, 110
Trd, 086248.567, 111
Trd, 086248.817, 111
Trd, 086248.867, 116
Trd, 086249.050, 95
Trd, 086249.067, 91
Trd, 086249.400, 84
Trd, 086249.483, 85
Trd, 086250.167, 111
Trd, 086250.317, 100
Trd, 086250.350, 77
Trd, 086250.417, 88
Trd, 086250.433, 95
Trd, 086250.567, 102
Trd, 086250.733, 112
Trd, 086251.033, 115
Trd, 086251.217, 125
Trd, 086251.733, 129
Trd, 086251.950, 123
Trd, 086252.167, 119
Trd, 086252.600, 126
Trd, 086252.767, 133
Trd, 086252.933, 135
Trd, 086252.950, 110
Trd, 086253.150, 108
Trd, 086253.233, 107
Trd, 086253.583, 108
Trd, 086253.833, 128
Trd, 086254.150, 140
Trd, 086254.267, 137
Trd, 086254.600, 134
Trd, 086255.250, 133
Trd, 086256.050, 135
Trd, 086256.467, 134
Trd, 086256.700, 132
Trd, 086256.967, 131
Trd, 086257.050, 136
Trd, 086257.217, 123
Trd, 086257.833, 116
Trd, 086258.633, 116
Trd, 086259.133, 117
Trd, 086259.317, 121
Trd, 086260.017, 117
Trd, 086260.083, 117
Trd, 086260.133, 119
Trd, 086260.267, 122
Trd, 086260.317, 116
Trd, 086260.383, 106
Trd, 086260.533, 86
Trd, 086260.567, 83
Trd, 086260.650, 82
Trd, 086260.900, 120
Trd, 086260.950, 99
Trd, 086260.967, 139
Trd, 086261.017, 140
Trd, 086261.267, 136
Trd, 086261.783, 118
Trd, 086262.050, 115
Trd, 086262.450, 113
Trd, 086263.433, 140
Trd, 086263.483, 137
Trd, 086263.733, 140
Trd, 086263.867, 111
Trd, 086263.933, 117
Trd, 086263.950, 110
Trd, 086264.083, 118
Trd, 086264.633, 140
Trd, 086265.233, 114
Trd, 086265.350, 115
Trd, 086265.367, 127
Trd, 086265.617, 112
Trd, 086265.850, 128
Trd, 086265.933, 109
Trd, 086266.300, 104
Trd, 086266.550, 111
Trd, 086266.617, 107
Trd, 086266.700, 103
Trd, 086267.033, 116
Trd, 086267.233, 118
Trd, 086268.317, 103
Trd, 086268.383, 108
Trd, 086268.483, 79
Trd, 086268.500, 111
Trd, 086268.867, 102
Trd, 086269.050, 104
Trd, 086269.400, 126
Trd, 086269.683, 109
Trd, 086270.383, 112
Trd, 086270.433, 114
Trd, 086270.650, 110
Trd, 086270.917, 110
Trd, 086271.017, 102
Trd, 086271.100, 114
Trd, 086271.283, 100
Trd, 086271.400, 139
Trd, 086271.550, 139
Trd, 086271.917, 111
Trd, 086272.083, 92
Trd, 086272.167, 88
Trd, 086273.100, 116
Trd, 086273.133, 108
Trd, 086273.533, 115
Trd, 086273.667, 110
Trd, 086273.683, 125
Trd, 086273.850, 117
Trd, 086274.083, 140
Trd, 086274.283, 140
Trd, 086274.367, 139
Trd, 086275.200, 119
Trd, 086275.350, 120
Trd, 086275.467, 121
Trd, 086275.483, 122
Trd, 086275.783, 109
Trd, 086276.117, 135
Trd, 086276.133, 134
Trd, 086276.150, 105
Trd, 086276.233, 139
Trd, 086276.317, 107
Trd, 086276.600, 87
Trd, 086276.667, 115
Trd, 086277.100, 104
Trd, 086277.117, 109
Trd, 086277.150, 90
Trd, 086277.517, 138
Trd, 086277.617, 86
Trd, 086278.017, 140
Trd, 086278.250, 120
Trd, 086278.367, 126
Trd, 086278.533, 119
Trd, 086279.350, 123
Trd, 086279.367, 122
Trd, 086279.883, 130
Trd, 086280.250, 129
Trd, 086280.417, 140
Trd, 086280.583, 139
Trd, 086280.983, 139
Trd, 086281.033, 130
Trd, 086281.317, 131
Trd, 086281.367, 130
Trd, 086281.683, 96
Trd, 086281.917, 139
Trd, 086282.000, 108
Trd, 086282.350, 117
Trd, 086282.467, 127
Trd, 086282.767, 106
Trd, 086283.433, 124
Trd, 086283.533, 122
Trd, 086283.683, 117
Trd, 086283.700, 106
Trd, 086284.283, 112
Trd, 086284.467, 131
Trd, 086284.483, 94
Trd, 086285.017, 96
Trd, 086285.050, 112
Trd, 086285.083, 93
Trd, 086285.200, 113
Trd, 086285.500, 94
Trd, 086286.183, 128
Trd, 086286.267, 118
Trd, 086286.333, 127
Trd, 086286.450, 115
Trd, 086286.483, 102
Trd, 086286.600, 100
Trd, 086286.650, 132
Trd, 086287.083, 115
Trd, 086287.150, 114
Trd, 086287.667, 140
Trd, 086288.050, 140
Trd, 086288.417, 140
Trd, 086288.433, 140
Trd, 086288.967, 127
Trd, 086289.233, 130
Trd, 086289.350, 122
Trd, 086289.400, 121
Trd, 086289.433, 132
Trd, 086289.650, 112
Trd, 086289.700, 133
Trd, 086289.917, 128
Trd, 086289.983, 128
Trd, 086290.100, 133
Trd, 086290.183, 105
Trd, 086290.433, 119
Trd, 086290.517, 103
Trd, 086290.700, 123
Trd, 086291.233, 101
Trd, 086291.533, 114
Trd, 086291.767, 134
Trd, 086293.067, 139
Trd, 086293.133, 138
Trd, 086293.150, 137
Trd, 086293.250, 136
Trd, 086293.500, 123
Trd, 086293.933, 134
Trd, 086294.367, 123
Trd, 086294.700, 127
Trd, 086294.733, 97
Trd, 086294.783, 96
Trd, 086294.883, 124
Trd, 086295.483, 109
Trd, 086295.650, 105
Trd, 086295.817, 125
Trd, 086296.133, 103
Trd, 086296.250, 104
Trd, 086297.033, 114
Trd, 086297.050, 108
Trd, 086297.117, 92
Trd, 086297.300, 97
Trd, 086297.417, 114
Trd, 086297.533, 115
Trd, 086297.917, 104
Trd, 086298.350, 126
Trd, 086298.617, 140
Trd, 086299.033, 121
Trd, 086299.767, 127
Trd, 086299.933, 126
Trd, 086300.050, 122
Trd, 086300.200, 122
Trd, 086300.533, 120
Trd, 086300.733, 128
Trd, 086300.800, 116
Trd, 086301.200, 134
Trd, 086301.733, 140
Trd, 086301.867, 116
Trd, 086302.450, 122
Trd, 086302.500, 120
Trd, 086303.033, 132
Trd, 086303.467, 125
Trd, 086303.550, 125
Trd, 086303.667, 126
Trd, 086303.800, 125
Trd, 086304.000, 131
Trd, 086304.067, 120
Trd, 086304.167, 120
Trd, 086304.400, 116
Trd, 086304.600, 111
Trd, 086304.783, 112
Trd, 086304.967, 106
Trd, 086305.367, 110
Trd, 086305.400, 106
Trd, 086305.417, 102
Trd, 086305.683, 115
Trd, 086305.717, 133
Trd, 086305.733, 114
Trd, 086305.950, 88
Trd, 086305.967, 95
Trd, 086306.833, 118
Trd, 086307.033, 107
Trd, 086307.367, 87
Trd, 086307.400, 87
Trd, 086307.467, 94
Trd, 086307.967, 100
Trd, 086307.983, 83
Trd, 086308.350, 120
Trd, 086309.283, 129
Trd, 086309.300, 128
Trd, 086309.817, 129
Trd, 086309.900, 127
Trd, 086309.933, 126
Trd, 086310.200, 114
Trd, 086310.367, 131
Trd, 086310.500, 140
Trd, 086310.600, 140
Trd, 086310.667, 119
Trd, 086311.017, 119
Trd, 086311.433, 132
Trd, 086311.950, 135
Trd, 086312.150, 136
Trd, 086312.200, 127
Trd, 086312.417, 127
Trd, 086313.367, 113
Trd, 086313.467, 122
Trd, 086313.517, 123
Trd, 086313.950, 120
Trd, 086314.067, 134
Trd, 086314.433, 123
Trd, 086314.650, 119
Trd, 086314.683, 107
Trd, 086315.317, 125
Trd, 086315.350, 112
Trd, 086315.633, 130
Trd, 086315.833, 111
Trd, 086316.100, 133
Trd, 086316.167, 124
Trd, 086316.350, 111
Trd, 086317.167, 107
Trd, 086317.367, 108
Trd, 086317.767, 126
Trd, 086317.900, 129
Trd, 086317.983, 107
Trd, 086318.200, 117
Trd, 086318.367, 112
Trd, 086318.383, 112
Trd, 086318.467, 130
Trd, 086318.850, 127
Trd, 086319.200, 128
Trd, 086319.233, 126
Trd, 086319.317, 130
Trd, 086319.500, 121
Trd, 086319.933, 133
Trd, 086320.350, 140
Trd, 086321.083, 140
Trd, 086321.200, 140
Trd, 086321.567, 130
Trd, 086321.600, 116
Trd, 086321.950, 121
Trd, 086322.233, 126
Trd, 086322.550, 119
Trd, 086322.650, 118
Trd, 086322.833, 118
Trd, 086322.900, 117
Trd, 086323.167, 108
Trd, 086323.783, 86
Trd, 086323.967, 91
Trd, 086324.700, 119
Trd, 086324.867, 104
Trd, 086325.250, 104
Trd, 086325.317, 120
Trd, 086325.467, 104
Trd, 086325.750, 120
Trd, 086325.783, 103
Trd, 086325.833, 121
Trd, 086326.033, 120
Trd, 086326.200, 106
Trd, 086326.500, 119
Trd, 086326.933, 122
Trd, 086327.217, 94
Trd, 086327.317, 88
Trd, 086328.083, 140
Trd, 086328.167, 102
Trd, 086328.900, 126
Trd, 086328.933, 125
Trd, 086329.267, 125
Trd, 086329.983, 137
Trd, 086330.000, 111
Trd, 086330.217, 111
Trd, 086330.250, 136
Trd, 086330.700, 128
Trd, 086330.850, 129
Trd, 086331.167, 111
Trd, 086331.250, 110
Trd, 086331.833, 123
Trd, 086331.933, 124
Trd, 086332.350, 117
Trd, 086332.500, 126
Trd, 086332.767, 135
Trd, 086333.033, 134
Trd, 086333.050, 133
Trd, 086333.150, 133
Trd, 086333.233, 138
Trd, 086333.450, 109
Trd, 086333.833, 140
Trd, 086334.233, 140
Trd, 086335.400, 127
Trd, 086335.717, 132
Trd, 086335.883, 106
Trd, 086336.083, 102
Trd, 086336.217, 101
Trd, 086336.450, 121
Trd, 086336.533, 101
Trd, 086336.600, 100
Trd, 086336.617, 93
Trd, 086336.833, 116
Trd, 086337.400, 91
Trd, 086337.717, 92
Trd, 086337.733, 91
Trd, 086338.000, 91
Trd, 086338.033, 93
Trd, 086338.467, 92
Trd, 086338.850, 124
Trd, 086338.917, 93
Trd, 086339.183, 96
Trd, 086339.333, 91
Trd, 086339.767, 117
Trd, 086340.000, 78
Trd, 086340.200, 132
Trd, 086340.650, 132
Trd, 086340.833, 107
Trd, 086340.900, 109
Trd, 086340.917, 120
Trd, 086341.233, 81
Trd, 086341.500, 111
Trd, 086341.700, 133
Trd, 086341.767, 104
Trd, 086341.850, 89
Trd, 086341.900, 84
Trd, 086342.267, 80
Trd, 086343.017, 114
Trd, 086343.417, 110
Trd, 086344.100, 114
Trd, 086344.117, 112
Trd, 086344.800, 126
Trd, 086345.150, 126
Trd, 086345.400, 112
Trd, 086345.467, 125
Trd, 086345.533, 127
Trd, 086345.833, 132
Trd, 086346.050, 113
Trd, 086346.117, 112
Trd, 086346.350, 139
Trd, 086346.517, 116
Trd, 086346.633, 122
Trd, 086346.717, 112
Trd, 086347.167, 102
Trd, 086347.267, 101
Trd, 086347.500, 100
Trd, 086347.717, 95
Trd, 086347.850, 117
Trd, 086348.350, 128
Trd, 086348.400, 130
Trd, 086348.417, 89
Trd, 086348.533, 118
Trd, 086348.600, 117
Trd, 086349.250, 135
Trd, 086349.550, 140
Trd, 086349.750, 140
Trd, 086350.200, 138
Trd, 086350.350, 128
Trd, 086351.183, 127
Trd, 086351.367, 126
Trd, 086351.600, 127
Trd, 086351.817, 132
Trd, 086352.017, 129
Trd, 086352.633, 127
Trd, 086352.683, 125
Trd, 086353.017, 132
Trd, 086353.417, 128
Trd, 086353.733, 123
Trd, 086353.867, 122
Trd, 086354.217, 114
Trd, 086354.633, 115
Trd, 086354.683, 114
Trd, 086354.817, 122
Trd, 086354.917, 121
Trd, 086355.167, 123
Trd, 086355.717, 124
Trd, 086355.850, 140
Trd, 086356.150, 123
Trd, 086356.300, 132
Trd, 086356.383, 122
Trd, 086356.500, 96
Trd, 086356.517, 88
Trd, 086356.583, 87
Trd, 086356.717, 97
Trd, 086357.717, 94
Trd, 086357.817, 93
Trd, 086357.983, 104
Trd, 086358.133, 106
Trd, 086358.283, 103
Trd, 086358.600, 136
Trd, 086359.067, 135
Trd, 086359.100, 121
Trd, 086359.400, 140
Trd, 086359.500, 120
Trd, 086359.550, 119
Trd, 086359.683, 120
Trd, 086360.150, 127
Trd, 086360.300, 109
Trd, 086360.350, 103
Trd, 086360.500, 108
Trd, 086360.517, 139
Trd, 086360.967, 127
Trd, 086361.350, 126
Trd, 086362.017, 100
Trd, 086362.133, 98
Trd, 086362.450, 95
Trd, 086362.967, 126
Trd, 086363.183, 90
Trd, 086363.650, 98
Trd, 086364.050, 112
Trd, 086364.467, 91
Trd, 086364.617, 93
Trd, 086364.800, 89
Trd, 086364.950, 102
Trd, 086365.400, 84
Trd, 086365.483, 92
Trd, 086365.817, 123
Trd, 086366.200, 112
Trd, 086366.517, 104
Trd, 086366.817, 114
Trd, 086366.833, 115
Trd, 086367.217, 117
Trd, 086367.283, 118
Trd, 086367.500, 126
Trd, 086367.517, 113
Trd, 086367.683, 114
Trd, 086367.783, 114
Trd, 086367.983, 113
Trd, 086368.050, 114
Trd, 086368.117, 112
Trd, 086368.217, 123
Trd, 086368.633, 102
Trd, 086368.750, 124
Trd, 086369.533, 135
Trd, 086369.600, 124
Trd, 086369.650, 123
Trd, 086370.067, 116
Trd, 086370.383, 129
Trd, 086370.683, 130
Trd, 086371.117, 119
Trd, 086371.183, 113
Trd, 086371.283, 130
Trd, 086373.083, 140
Trd, 086373.267, 140
Trd, 086373.717, 132
Trd, 086373.767, 131
Trd, 086374.167, 128
Trd, 086374.283, 119
Trd, 086374.450, 115
Trd, 086375.317, 137
Trd, 086375.450, 119
Trd, 086375.467, 118
Trd, 086375.833, 116
Trd, 086375.850, 115
Trd, 086376.033, 116
Trd, 086376.150, 125
Trd, 086376.667, 114
Trd, 086376.733, 114
Trd, 086376.783, 113
Trd, 086376.917, 114
Trd, 086376.967, 127
Trd, 086377.050, 127
Trd, 086377.567, 125
Trd, 086377.850, 140
Trd, 086378.133, 135
Trd, 086378.333, 133
Trd, 086378.817, 130
Trd, 086379.167, 129
Trd, 086379.667, 133
Trd, 086379.717, 129
Trd, 086379.750, 128
Trd, 086380.050, 128
Trd, 086380.250, 114
Trd, 086380.350, 114
Trd, 086380.550, 113
Trd, 086380.600, 136
Trd, 086380.633, 137
Trd, 086380.767, 135
Trd, 086381.717, 140
Trd, 086381.817, 140
Trd, 086382.083, 140
Trd, 086382.150, 128
Trd, 086382.583, 139
Trd, 086382.617, 124
Trd, 086382.917, 139
Trd, 086383.000, 100
Trd, 086383.250, 135
Trd, 086383.533, 133
Trd, 086384.467, 123
Trd, 086384.800, 121
Trd, 086384.950, 138
Trd, 086385.567, 133
Trd, 086386.017, 134
Trd, 086386.600, 134
Trd, 086386.633, 133
Trd, 086386.750, 135
Trd, 086386.917, 132
Trd, 086387.050, 132
Trd, 086387.117, 131
Trd, 086387.433, 121
Trd, 086387.700, 129
Trd, 086387.800, 107
Trd, 086388.300, 124
Trd, 086388.317, 97
Trd, 086388.417, 130
Trd, 086388.583, 97
Trd, 086388.733, 92
Trd, 086388.917, 100
Trd, 086389.500, 96
Trd, 086389.617, 120
Trd, 086389.667, 120
Trd, 086389.733, 107
Trd, 086389.950, 98
Trd, 086389.983, 97
Trd, 086390.283, 98
Trd, 086391.083, 120
Trd, 086391.267, 119
Trd, 086391.333, 118
Trd, 086391.783, 119
Trd, 086391.833, 118
Trd, 086391.983, 116
Trd, 086392.000, 114
Trd, 086392.067, 119
Trd, 086393.067, 137
Trd, 086393.183, 131
Trd, 086393.350, 113
Trd, 086393.717, 134
Trd, 086393.983, 132
Trd, 086394.017, 131
Trd, 086394.033, 122
Trd, 086394.917, 133
Trd, 086395.167, 133
Trd, 086395.333, 132
Trd, 086395.467, 110
Trd, 086395.600, 106
Trd, 086395.833, 106
Trd, 086395.933, 106
Trd, 086396.000, 105
Trd, 086396.483, 127
Trd, 086396.983, 128
Trd, 086397.250, 111
Trd, 086397.417, 109
Trd, 086397.550, 121
Trd, 086397.900, 109
Trd, 086397.983, 110
Trd, 086398.083, 96
Trd, 086398.817, 129
Trd, 086399.483, 130
Trd, 086399.500, 129
Trd, 086399.850, 129
