Trd, 085770.417, 128
Trd, 085770.617, 110
Trd, 085771.017, 128
Trd, 085771.100, 121
Trd, 085771.467, 122
Trd, 085771.750, 126
Trd, 085771.767, 123
Trd, 085772.300, 127
Trd, 085772.400, 119
Trd, 085772.417, 118
Trd, 085772.550, 119
Trd, 085772.767, 119
Trd, 085773.033, 115
Trd, 085773.067, 128
Trd, 085773.417, 129
Trd, 085773.550, 111
Trd, 085774.433, 109
Trd, 085774.817, 122
Trd, 085775.117, 118
Trd, 085775.200, 108
Trd, 085775.367, 126
Trd, 085775.817, 107
Trd, 085775.883, 126
Trd, 085775.967, 116
Trd, 085776.150, 102
Trd, 085776.200, 99
Trd, 085776.367, 119
Trd, 085776.400, 125
Trd, 085776.767, 121
Trd, 085777.067, 121
Trd, 085777.183, 126
Trd, 085777.367, 133
Trd, 085777.517, 135
Trd, 085777.750, 123
Trd, 085777.783, 122
Trd, 085778.200, 120
Trd, 085778.800, 122
Trd, 085778.983, 120
Trd, 085779.250, 120
Trd, 085779.317, 119
Trd, 085779.817, 139
Trd, 085780.000, 129
Trd, 085780.050, 128
Trd, 085780.350, 124
Trd, 085780.383, 123
Trd, 085780.400, 118
Trd, 085780.667, 103
Trd, 085781.067, 94
Trd, 085781.900, 140
Trd, 085782.050, 140
Trd, 085782.283, 140
Trd, 085782.350, 139
Trd, 085782.667, 138
Trd, 085782.717, 138
Trd, 085783.317, 132
Trd, 085783.333, 127
Trd, 085783.567, 125
Trd, 085784.100, 126
Trd, 085784.200, 125
Trd, 085784.233, 116
Trd, 085784.567, 104
Trd, 085784.700, 95
Trd, 085785.000, 113
Trd, 085785.383, 103
Trd, 085785.583, 108
Trd, 085785.633, 109
Trd, 085785.767, 103
Trd, 085785.800, 115
Trd, 085786.717, 104
Trd, 085786.850, 130
Trd, 085787.100, 102
Trd, 085787.500, 133
Trd, 085787.800, 140
Trd, 085787.950, 139
Trd, 085788.283, 135
Trd, 085788.350, 133
Trd, 085788.567, 140
Trd, 085789.250, 129
Trd, 085789.567, 129
Trd, 085790.383, 132
Trd, 085790.400, 128
Trd, 085790.533, 134
Trd, 085790.583, 123
Trd, 085790.600, 123
Trd, 085790.783, 134
Trd, 085791.517, 139
Trd, 085791.983, 119
Trd, 085792.050, 114
Trd, 085792.067, 122
Trd, 085792.183, 115
Trd, 085793.100, 124
Trd, 085793.117, 126
Trd, 085793.167, 130
Trd, 085793.633, 129
Trd, 085793.950, 129
Trd, 085794.083, 128
Trd, 085794.217, 127
Trd, 085794.250, 116
Trd, 085794.267, 129
Trd, 085794.450, 130
Trd, 085794.833, 117
Trd, 085795.067, 111
Trd, 085795.567, 107
Trd, 085795.667, 102
Trd, 085795.700, 102
Trd, 085795.950, 102
Trd, 085796.067, 101
Trd, 085796.267, 99
Trd, 085796.383, 96
Trd, 085796.983, 113
Trd, 085797.033, 117
Trd, 085797.083, 119
Trd, 085797.217, 114
Trd, 085797.400, 118
Trd, 085797.683, 113
Trd, 085797.950, 126
Trd, 085798.400, 121
Trd, 085798.433, 120
Trd, 085798.467, 118
Trd, 085798.683, 112
Trd, 085798.750, 106
Trd, 085798.950, 114
Trd, 085799.167, 139
Trd, 085799.550, 106
Trd, 085800.150, 109
Trd, 085800.217, 108
Trd, 085800.517, 109
Trd, 085800.533, 106
Trd, 085800.733, 105
Trd, 085801.283, 119
Trd, 085801.333, 120
Trd, 085801.717, 114
Trd, 085801.750, 111
Trd, 085802.600, 125
Trd, 085802.783, 139
Trd, 085802.817, 139
Trd, 085802.917, 139
Trd, 085802.967, 138
Trd, 085803.333, 140
Trd, 085803.883, 122
Trd, 085804.450, 123
Trd, 085804.467, 122
Trd, 085804.517, 119
Trd, 085805.117, 127
Trd, 085805.433, 137
Trd, 085805.600, 118
Trd, 085805.750, 118
Trd, 085805.983, 116
Trd, 085806.100, 125
Trd, 085806.117, 116
Trd, 085806.267, 125
Trd, 085806.433, 138
Trd, 085806.450, 119
Trd, 085806.550, 117
Trd, 085806.850, 134
Trd, 085806.950, 112
Trd, 085807.350, 112
Trd, 085807.433, 115
Trd, 085807.500, 112
Trd, 085807.650, 111
Trd, 085807.733, 109
Trd, 085807.850, 114
Trd, 085808.083, 116
Trd, 085808.517, 110
Trd, 085808.750, 114
Trd, 085809.417, 126
Trd, 085809.700, 109
Trd, 085809.750, 109
Trd, 085809.933, 120
Trd, 085809.950, 118
Trd, 085810.467, 129
Trd, 085811.433, 131
Trd, 085811.517, 129
Trd, 085812.133, 125
Trd, 085812.250, 122
Trd, 085812.950, 129
Trd, 085813.583, 126
Trd, 085813.617, 128
Trd, 085814.050, 127
Trd, 085814.317, 127
Trd, 085814.333, 126
Trd, 085814.383, 123
Trd, 085814.717, 127
Trd, 085814.917, 125
Trd, 085815.050, 129
Trd, 085815.233, 130
Trd, 085815.667, 126
Trd, 085816.167, 123
Trd, 085816.883, 134
Trd, 085817.100, 133
Trd, 085817.200, 140
Trd, 085817.383, 134
Trd, 085817.417, 133
Trd, 085817.500, 127
Trd, 085817.850, 128
Trd, 085817.867, 119
Trd, 085818.017, 129
Trd, 085818.083, 116
Trd, 085818.467, 136
Trd, 085819.167, 128
Trd, 085819.550, 102
Trd, 085819.717, 102
Trd, 085819.983, 117
Trd, 085820.050, 111
Trd, 085820.150, 100
Trd, 085820.433, 93
Trd, 085820.883, 88
Trd, 085820.983, 106
Trd, 085821.167, 116
Trd, 085821.267, 102
Trd, 085821.650, 115
Trd, 085821.900, 129
Trd, 085821.950, 106
Trd, 085822.033, 120
Trd, 085822.100, 126
Trd, 085822.683, 107
Trd, 085822.833, 139
Trd, 085823.350, 108
Trd, 085823.417, 107
Trd, 085823.717, 105
Trd, 085823.950, 112
Trd, 085824.667, 122
Trd, 085824.733, 106
Trd, 085824.950, 109
Trd, 085825.033, 107
Trd, 085825.800, 107
Trd, 085826.167, 119
Trd, 085826.233, 120
Trd, 085826.283, 117
Trd, 085826.400, 121
Trd, 085827.317, 139
Trd, 085827.467, 135
Trd, 085827.583, 140
Trd, 085827.900, 132
Trd, 085828.017, 137
Trd, 085828.367, 132
Trd, 085828.533, 133
Trd, 085828.767, 131
Trd, 085828.917, 130
Trd, 085829.300, 119
Trd, 085829.550, 118
Trd, 085829.583, 117
Trd, 085829.667, 117
Trd, 085829.700, 131
Trd, 085830.000, 111
Trd, 085830.283, 139
Trd, 085830.333, 138
Trd, 085830.417, 137
Trd, 085830.583, 112
Trd, 085830.633, 109
Trd, 085831.150, 140
Trd, 085831.650, 140
Trd, 085831.917, 112
Trd, 085832.300, 103
Trd, 085832.667, 104
Trd, 085832.683, 106
Trd, 085832.817, 99
Trd, 085833.033, 110
Trd, 085833.067, 96
Trd, 085833.533, 119
Trd, 085833.983, 140
Trd, 085834.133, 140
Trd, 085834.750, 138
Trd, 085834.883, 138
Trd, 085835.200, 140
Trd, 085835.317, 139
Trd, 085835.550, 124
Trd, 085835.633, 124
Trd, 085835.700, 120
Trd, 085835.883, 119
Trd, 085836.050, 102
Trd, 085836.083, 98
Trd, 085836.167, 88
Trd, 085837.117, 128
Trd, 085837.317, 127
Trd, 085837.583, 123
Trd, 085837.767, 121
Trd, 085837.783, 97
Trd, 085838.083, 83
Trd, 085838.483, 86
Trd, 085838.650, 87
Trd, 085838.817, 83
Trd, 085838.850, 88
Trd, 085839.267, 111
Trd, 085839.367, 129
Trd, 085839.850, 129
Trd, 085840.000, 86
Trd, 085840.283, 101
Trd, 085840.350, 115
Trd, 085840.517, 120
Trd, 085840.750, 112
Trd, 085841.000, 120
Trd, 085841.033, 113
Trd, 085841.900, 121
Trd, 085842.617, 122
Trd, 085842.700, 117
Trd, 085842.933, 139
Trd, 085843.283, 138
Trd, 085843.450, 132
Trd, 085843.700, 140
Trd, 085843.717, 133
Trd, 085843.817, 132
Trd, 085844.050, 115
Trd, 085844.150, 140
Trd, 085844.600, 132
Trd, 085844.733, 119
Trd, 085845.783, 140
Trd, 085845.900, 140
Trd, 085845.933, 140
Trd, 085845.950, 139
Trd, 085846.083, 130
Trd, 085846.500, 130
Trd, 085846.833, 107
Trd, 085846.900, 104
Trd, 085847.617, 106
Trd, 085847.867, 105
Trd, 085848.000, 108
Trd, 085848.017, 111
Trd, 085848.117, 106
Trd, 085848.467, 105
Trd, 085848.633, 108
Trd, 085848.833, 107
Trd, 085848.900, 105
Trd, 085849.233, 104
Trd, 085849.300, 101
Trd, 085849.417, 86
Trd, 085849.467, 107
Trd, 085850.417, 123
Trd, 085850.717, 113
Trd, 085850.733, 112
Trd, 085850.950, 119
Trd, 085851.100, 106
Trd, 085851.133, 105
Trd, 085851.167, 104
Trd, 085851.300, 126
Trd, 085851.550, 114
Trd, 085851.667, 104
Trd, 085851.933, 115
Trd, 085852.183, 118
Trd, 085852.667, 120
Trd, 085852.700, 109
Trd, 085852.833, 111
Trd, 085853.100, 108
Trd, 085853.183, 106
Trd, 085853.267, 104
Trd, 085853.633, 103
Trd, 085853.867, 121
Trd, 085853.967, 114
Trd, 085854.000, 102
Trd, 085854.017, 90
Trd, 085854.383, 94
Trd, 085854.500, 125
Trd, 085854.567, 90
Trd, 085855.050, 117
Trd, 085855.633, 116
Trd, 085855.850, 97
Trd, 085856.083, 91
Trd, 085856.783, 133
Trd, 085856.950, 133
Trd, 085857.017, 130
Trd, 085857.533, 131
Trd, 085857.867, 138
Trd, 085857.917, 133
Trd, 085857.950, 131
Trd, 085858.117, 139
Trd, 085858.183, 130
Trd, 085858.217, 129
Trd, 085858.533, 129
Trd, 085858.583, 128
Trd, 085858.917, 127
Trd, 085860.267, 140
Trd, 085860.367, 140
Trd, 085860.517, 139
Trd, 085860.900, 139
Trd, 085861.000, 137
Trd, 085861.217, 133
Trd, 085861.283, 133
Trd, 085861.717, 131
Trd, 085861.817, 126
Trd, 085862.000, 121
Trd, 085862.050, 120
Trd, 085862.317, 134
Trd, 085862.633, 114
Trd, 085862.700, 123
Trd, 085862.717, 110
Trd, 085862.883, 135
Trd, 085862.983, 136
Trd, 085863.000, 137
Trd, 085863.133, 134
Trd, 085863.433, 105
Trd, 085863.767, 132
Trd, 085863.933, 114
Trd, 085863.967, 101
Trd, 085864.050, 127
Trd, 085864.250, 87
Trd, 085864.367, 82
Trd, 085864.867, 112
Trd, 085865.350, 137
Trd, 085865.733, 140
Trd, 085865.917, 138
Trd, 085866.367, 140
Trd, 085866.633, 140
Trd, 085867.100, 139
Trd, 085867.150, 138
Trd, 085867.633, 134
Trd, 085867.700, 134
Trd, 085867.883, 139
Trd, 085868.017, 119
Trd, 085869.033, 123
Trd, 085869.100, 106
Trd, 085869.167, 99
Trd, 085869.283, 100
Trd, 085869.383, 110
Trd, 085869.583, 95
Trd, 085869.633, 93
Trd, 085869.733, 132
Trd, 085869.967, 104
Trd, 085870.033, 78
Trd, 085870.133, 69
Trd, 085870.733, 130
Trd, 085871.017, 103
Trd, 085871.200, 107
Trd, 085871.350, 122
Trd, 085871.533, 125
Trd, 085871.733, 131
Trd, 085871.833, 134
Trd, 085871.867, 128
Trd, 085871.917, 128
Trd, 085872.500, 140
Trd, 085872.783, 127
Trd, 085873.100, 134
Trd, 085873.783, 129
Trd, 085873.950, 139
Trd, 085874.483, 129
Trd, 085874.950, 130
Trd, 085874.967, 129
Trd, 085875.250, 129
Trd, 085875.300, 133
Trd, 085875.433, 127
Trd, 085875.633, 124
Trd, 085875.750, 124
Trd, 085875.933, 135
Trd, 085876.867, 111
Trd, 085876.917, 120
Trd, 085876.933, 109
Trd, 085877.150, 134
Trd, 085877.333, 107
Trd, 085877.417, 101
Trd, 085877.917, 134
Trd, 085878.133, 107
Trd, 085878.567, 110
Trd, 085878.583, 107
Trd, 085878.783, 122
Trd, 085878.800, 117
Trd, 085878.883, 112
Trd, 085879.083, 112
Trd, 085879.483, 114
Trd, 085880.100, 113
Trd, 085880.683, 112
Trd, 085882.367, 140
Trd, 085882.633, 139
Trd, 085882.867, 139
Trd, 085883.333, 140
Trd, 085883.667, 140
Trd, 085883.717, 140
Trd, 085883.800, 140
Trd, 085883.867, 139
Trd, 085883.967, 138
Trd, 085884.200, 134
Trd, 085884.217, 133
Trd, 085884.650, 130
Trd, 085884.750, 132
Trd, 085884.833, 125
Trd, 085885.217, 116
Trd, 085886.600, 132
Trd, 085886.717, 131
Trd, 085887.000, 138
Trd, 085887.267, 137
Trd, 085887.417, 133
Trd, 085887.583, 133
Trd, 085887.817, 132
Trd, 085888.183, 134
Trd, 085888.317, 136
Trd, 085888.633, 128
Trd, 085888.683, 128
Trd, 085888.867, 138
Trd, 085889.067, 138
Trd, 085889.383, 138
Trd, 085889.500, 137
Trd, 085889.617, 135
Trd, 085890.250, 137
Trd, 085890.350, 122
Trd, 085890.500, 140
Trd, 085891.350, 140
Trd, 085891.450, 123
Trd, 085891.483, 118
Trd, 085891.900, 129
Trd, 085892.083, 131
Trd, 085892.233, 129
Trd, 085892.867, 124
Trd, 085893.050, 111
Trd, 085893.167, 111
Trd, 085893.400, 123
Trd, 085893.450, 115
Trd, 085893.817, 114
Trd, 085893.900, 113
Trd, 085894.033, 105
Trd, 085894.150, 123
Trd, 085894.217, 124
Trd, 085894.450, 123
Trd, 085894.567, 100
Trd, 085894.733, 126
Trd, 085894.983, 131
Trd, 085895.100, 119
Trd, 085895.317, 110
Trd, 085895.417, 137
Trd, 085895.517, 107
Trd, 085895.800, 125
Trd, 085896.817, 107
Trd, 085897.150, 122
Trd, 085897.333, 108
Trd, 085897.483, 109
Trd, 085898.000, 107
Trd, 085898.500, 109
Trd, 085898.733, 108
Trd, 085898.950, 108
Trd, 085899.033, 110
Trd, 085899.133, 107
Trd, 085899.217, 112
Trd, 085899.233, 106
Trd, 085899.433, 119
Trd, 085899.450, 105
Trd, 085899.500, 96
Trd, 085899.533, 124
Trd, 085899.600, 92
Trd, 085899.617, 92
Trd, 085899.650, 93
Trd, 085900.650, 75
Trd, 085901.100, 86
Trd, 085901.317, 103
Trd, 085901.533, 95
Trd, 085901.767, 104
Trd, 085902.133, 112
Trd, 085902.433, 110
Trd, 085902.833, 123
Trd, 085902.950, 124
Trd, 085903.317, 114
Trd, 085903.567, 123
Trd, 085903.833, 117
Trd, 085904.700, 131
Trd, 085905.100, 123
Trd, 085905.200, 120
Trd, 085905.283, 140
Trd, 085905.517, 119
Trd, 085905.767, 140
Trd, 085905.883, 118
Trd, 085906.083, 135
Trd, 085906.883, 121
Trd, 085907.700, 128
Trd, 085907.900, 125
Trd, 085908.050, 131
Trd, 085908.133, 130
Trd, 085908.433, 127
Trd, 085908.600, 128
Trd, 085908.717, 125
Trd, 085908.950, 122
Trd, 085909.200, 125
Trd, 085909.250, 121
Trd, 085909.300, 120
Trd, 085909.483, 120
Trd, 085909.917, 121
Trd, 085910.017, 120
Trd, 085910.250, 121
Trd, 085910.267, 122
Trd, 085910.500, 120
Trd, 085911.117, 119
Trd, 085911.133, 113
Trd, 085911.233, 113
Trd, 085911.650, 111
Trd, 085912.050, 139
Trd, 085912.083, 132
Trd, 085912.133, 113
Trd, 085912.417, 99
Trd, 085912.750, 128
Trd, 085912.817, 130
Trd, 085912.883, 131
Trd, 085913.267, 98
Trd, 085913.517, 98
Trd, 085913.983, 102
Trd, 085914.500, 131
Trd, 085914.717, 131
Trd, 085914.800, 130
Trd, 085915.317, 128
Trd, 085915.817, 127
Trd, 085915.917, 128
Trd, 085916.000, 124
Trd, 085916.267, 129
Trd, 085916.883, 125
Trd, 085917.083, 124
Trd, 085917.100, 125
Trd, 085917.400, 123
Trd, 085917.517, 122
Trd, 085917.650, 118
Trd, 085917.733, 127
Trd, 085918.283, 140
Trd, 085918.417, 139
Trd, 085918.617, 140
Trd, 085918.867, 135
Trd, 085919.567, 117
Trd, 085919.700, 113
Trd, 085919.717, 110
Trd, 085919.917, 118
Trd, 085919.967, 113
Trd, 085920.317, 109
Trd, 085920.467, 108
Trd, 085920.800, 120
Trd, 085920.883, 121
Trd, 085920.900, 130
Trd, 085921.383, 125
Trd, 085922.000, 139
Trd, 085922.167, 137
Trd, 085922.417, 129
Trd, 085922.700, 134
Trd, 085922.867, 132
Trd, 085923.100, 128
Trd, 085923.483, 137
Trd, 085923.867, 138
Trd, 085923.900, 137
Trd, 085924.017, 140
Trd, 085924.033, 121
Trd, 085924.650, 119
Trd, 085924.900, 114
Trd, 085925.367, 112
Trd, 085925.967, 111
Trd, 085926.050, 102
Trd, 085926.100, 124
Trd, 085926.533, 135
Trd, 085926.583, 92
Trd, 085926.767, 91
Trd, 085927.017, 99
Trd, 085927.217, 98
Trd, 085927.233, 90
Trd, 085927.250, 111
Trd, 085927.750, 133
Trd, 085927.900, 139
Trd, 085928.033, 112
Trd, 085928.467, 128
Trd, 085929.350, 122
Trd, 085929.583, 131
Trd, 085930.017, 123
Trd, 085930.100, 121
Trd, 085930.217, 120
Trd, 085930.350, 118
Trd, 085930.550, 118
Trd, 085930.600, 117
Trd, 085930.667, 136
Trd, 085930.700, 137
Trd, 085930.750, 134
Trd, 085930.983, 125
Trd, 085931.267, 121
Trd, 085931.517, 126
Trd, 085931.633, 118
Trd, 085932.017, 115
Trd, 085932.083, 111
Trd, 085932.633, 133
Trd, 085932.683, 101
Trd, 085933.067, 89
Trd, 085933.183, 77
Trd, 085933.600, 107
Trd, 085933.700, 100
Trd, 085933.983, 110
Trd, 085934.817, 105
Trd, 085935.250, 104
Trd, 085935.300, 104
Trd, 085935.367, 107
Trd, 085935.467, 103
Trd, 085935.717, 108
Trd, 085935.817, 101
Trd, 085935.833, 112
Trd, 085936.450, 139
Trd, 085936.467, 138
Trd, 085936.833, 140
Trd, 085937.033, 139
Trd, 085937.433, 138
Trd, 085937.450, 137
Trd, 085937.817, 131
Trd, 085938.117, 127
Trd, 085938.183, 113
Trd, 085938.450, 135
Trd, 085938.633, 136
Trd, 085938.700, 101
Trd, 085938.883, 100
Trd, 085939.283, 106
Trd, 085939.367, 110
Trd, 085939.800, 105
Trd, 085940.567, 110
Trd, 085940.783, 128
Trd, 085941.633, 130
Trd, 085941.750, 129
Trd, 085941.850, 127
Trd, 085942.067, 139
Trd, 085942.633, 130
Trd, 085942.683, 128
Trd, 085943.017, 126
Trd, 085943.200, 125
Trd, 085943.250, 123
Trd, 085943.300, 129
Trd, 085943.600, 114
Trd, 085943.983, 111
Trd, 085944.300, 129
Trd, 085944.317, 121
Trd, 085945.383, 130
Trd, 085945.567, 129
Trd, 085945.683, 128
Trd, 085945.800, 128
Trd, 085945.883, 127
Trd, 085946.283, 114
Trd, 085946.450, 111
Trd, 085946.533, 126
Trd, 085946.950, 128
Trd, 085947.017, 107
Trd, 085947.100, 106
Trd, 085947.517, 137
Trd, 085948.333, 136
Trd, 085948.467, 130
Trd, 085948.800, 135
Trd, 085949.067, 118
Trd, 085949.117, 113
Trd, 085949.217, 111
Trd, 085949.367, 108
Trd, 085949.433, 118
Trd, 085949.717, 130
Trd, 085950.367, 100
Trd, 085950.450, 101
Trd, 085951.083, 135
Trd, 085951.383, 123
Trd, 085951.650, 122
Trd, 085951.833, 132
Trd, 085952.533, 138
Trd, 085952.550, 137
Trd, 085953.033, 137
Trd, 085953.183, 135
Trd, 085953.233, 126
Trd, 085953.483, 123
Trd, 085953.683, 123
Trd, 085953.783, 118
Trd, 085954.083, 119
Trd, 085954.267, 111
Trd, 085954.850, 106
Trd, 085954.967, 118
Trd, 085955.067, 117
Trd, 085955.267, 121
Trd, 085955.533, 118
Trd, 085955.583, 106
Trd, 085955.600, 129
Trd, 085956.250, 105
Trd, 085956.717, 108
Trd, 085957.050, 138
Trd, 085957.550, 117
Trd, 085957.567, 116
Trd, 085957.683, 113
Trd, 085957.750, 121
Trd, 085958.017, 112
Trd, 085958.067, 114
Trd, 085958.167, 111
Trd, 085958.467, 106
Trd, 085959.050, 87
Trd, 085959.200, 120
Trd, 085959.233, 121
Trd, 085959.250, 80
Trd, 085959.433, 97
Trd, 085959.583, 85
Trd, 085959.633, 86
Trd, 085959.817, 99
Trd, 085959.833, 125
Trd, 085960.067, 112
Trd, 085961.100, 130
Trd, 085961.267, 140
Trd, 085961.350, 129
Trd, 085961.683, 140
Trd, 085962.400, 135
Trd, 085962.450, 129
Trd, 085962.683, 126
Trd, 085962.883, 119
Trd, 085963.383, 125
Trd, 085963.567, 103
Trd, 085963.900, 125
Trd, 085963.933, 100
Trd, 085964.033, 99
Trd, 085964.317, 93
Trd, 085964.450, 91
Trd, 085964.483, 89
Trd, 085964.517, 89
Trd, 085964.883, 91
Trd, 085965.217, 116
Trd, 085965.417, 136
Trd, 085965.717, 139
Trd, 085965.767, 138
Trd, 085967.100, 138
Trd, 085967.283, 138
Trd, 085967.300, 137
Trd, 085967.750, 139
Trd, 085967.983, 140
Trd, 085968.417, 140
Trd, 085968.433, 139
Trd, 085968.650, 117
Trd, 085968.900, 114
Trd, 085968.933, 114
Trd, 085969.267, 118
Trd, 085969.717, 134
Trd, 085969.783, 116
Trd, 085970.200, 138
Trd, 085970.633, 133
Trd, 085970.717, 133
Trd, 085970.800, 132
Trd, 085970.900, 128
Trd, 085971.083, 113
Trd, 085971.267, 113
Trd, 085971.500, 135
Trd, 085971.533, 135
Trd, 085971.750, 112
Trd, 085971.900, 103
Trd, 085971.967, 97
Trd, 085972.100, 133
Trd, 085972.317, 96
Trd, 085972.333, 95
Trd, 085973.683, 133
Trd, 085974.017, 133
Trd, 085974.033, 132
Trd, 085974.283, 126
Trd, 085974.400, 131
Trd, 085974.600, 127
Trd, 085975.133, 139
Trd, 085975.317, 138
Trd, 085975.550, 133
Trd, 085976.033, 140
Trd, 085976.050, 136
Trd, 085976.150, 131
Trd, 085976.883, 133
Trd, 085977.150, 140
Trd, 085977.217, 139
Trd, 085977.317, 130
Trd, 085977.667, 140
Trd, 085977.917, 138
Trd, 085978.233, 140
Trd, 085978.567, 140
Trd, 085978.600, 140
Trd, 085978.667, 123
Trd, 085978.750, 115
Trd, 085979.183, 131
Trd, 085979.533, 109
Trd, 085979.800, 123
Trd, 085980.067, 120
Trd, 085980.117, 108
Trd, 085980.700, 127
Trd, 085980.867, 123
Trd, 085980.900, 128
Trd, 085981.100, 122
Trd, 085981.317, 115
Trd, 085981.433, 97
Trd, 085981.517, 128
Trd, 085981.650, 94
Trd, 085981.883, 130
Trd, 085982.350, 90
Trd, 085982.933, 127
Trd, 085983.000, 123
Trd, 085983.317, 140
Trd, 085983.833, 126
Trd, 085984.017, 129
Trd, 085984.217, 128
Trd, 085984.283, 126
Trd, 085984.533, 125
Trd, 085985.183, 129
Trd, 085985.983, 140
Trd, 085986.033, 140
Trd, 085986.133, 140
Trd, 085986.383, 134
Trd, 085986.683, 128
Trd, 085986.967, 127
Trd, 085987.267, 115
Trd, 085987.600, 114
Trd, 085987.950, 110
Trd, 085988.133, 131
Trd, 085988.350, 132
Trd, 085988.567, 139
Trd, 085989.050, 134
Trd, 085989.133, 127
Trd, 085989.483, 138
Trd, 085989.700, 132
Trd, 085990.033, 128
Trd, 085990.583, 140
Trd, 085990.650, 140
Trd, 085990.667, 139
Trd, 085990.717, 139
Trd, 085991.067, 138
Trd, 085991.200, 127
Trd, 085991.250, 125
Trd, 085991.933, 123
Trd, 085992.217, 131
Trd, 085992.400, 119
Trd, 085992.583, 140
Trd, 085992.767, 118
Trd, 085992.833, 109
Trd, 085992.983, 96
Trd, 085993.800, 128
Trd, 085994.150, 128
Trd, 085994.483, 115
Trd, 085994.500, 128
Trd, 085994.600, 115
Trd, 085995.050, 127
Trd, 085995.150, 127
Trd, 085995.183, 116
Trd, 085995.200, 115
Trd, 085995.383, 103
Trd, 085995.433, 98
Trd, 085995.483, 108
Trd, 085995.767, 98
Trd, 085996.067, 120
Trd, 085996.533, 119
Trd, 085996.700, 120
Trd, 085996.900, 119
Trd, 085997.133, 119
Trd, 085997.300, 120
Trd, 085997.450, 118
Trd, 085997.533, 115
Trd, 085997.600, 122
Trd, 085997.667, 128
Trd, 085997.717, 113
Trd, 085997.817, 96
Trd, 085998.033, 95
Trd, 085998.467, 84
Trd, 085999.317, 99
Trd, 085999.383, 100
Trd, 085999.583, 105
Trd, 085999.867, 99
Trd, 086000.033, 122
Trd, 086000.233, 99
Trd, 086000.300, 97
Trd, 086000.433, 100
Trd, 086000.517, 116
Trd, 086000.867, 136
Trd, 086001.150, 133
Trd, 086001.433, 102
Trd, 086001.483, 117
Trd, 086001.650, 102
Trd, 086001.817, 139
Trd, 086002.117, 126
Trd, 086002.150, 125
Trd, 086002.383, 125
Trd, 086002.533, 119
Trd, 086003.183, 118
Trd, 086003.317, 117
Trd, 086003.483, 122
Trd, 086003.517, 113
Trd, 086003.550, 112
Trd, 086004.267, 140
Trd, 086004.517, 140
Trd, 086004.883, 139
Trd, 086005.583, 134
Trd, 086005.600, 125
Trd, 086005.683, 109
Trd, 086006.183, 113
Trd, 086006.267, 126
Trd, 086006.717, 129
Trd, 086007.100, 114
Trd, 086008.117, 124
Trd, 086008.250, 125
Trd, 086008.467, 127
Trd, 086008.650, 122
Trd, 086008.883, 129
Trd, 086009.183, 123
Trd, 086009.250, 122
Trd, 086010.000, 140
Trd, 086010.167, 140
Trd, 086010.183, 140
Trd, 086010.350, 139
Trd, 086010.433, 133
Trd, 086010.833, 135
Trd, 086011.517, 131
Trd, 086011.633, 135
Trd, 086011.783, 131
Trd, 086011.817, 130
Trd, 086011.833, 133
Trd, 086012.200, 140
Trd, 086012.283, 127
Trd, 086012.350, 126
Trd, 086013.133, 135
Trd, 086013.267, 108
Trd, 086013.633, 107
Trd, 086013.667, 136
Trd, 086013.817, 104
Trd, 086014.083, 127
Trd, 086014.133, 119
Trd, 086014.483, 126
Trd, 086015.133, 125
Trd, 086015.183, 124
Trd, 086015.300, 120
Trd, 086015.367, 108
Trd, 086016.417, 96
Trd, 086016.617, 92
Trd, 086016.817, 110
Trd, 086016.967, 97
Trd, 086017.283, 125
Trd, 086017.350, 137
Trd, 086017.417, 120
Trd, 086017.583, 119
Trd, 086018.233, 122
Trd, 086018.483, 122
Trd, 086019.017, 139
Trd, 086019.033, 138
Trd, 086019.150, 137
Trd, 086019.733, 110
Trd, 086019.817, 109
Trd, 086019.883, 129
Trd, 086020.017, 111
Trd, 086020.400, 137
Trd, 086020.583, 119
Trd, 086020.667, 104
Trd, 086020.733, 103
Trd, 086021.400, 117
Trd, 086021.500, 118
Trd, 086021.700, 120
Trd, 086021.950, 131
Trd, 086022.200, 116
Trd, 086022.367, 138
Trd, 086022.883, 121
Trd, 086023.267, 132
Trd, 086023.300, 118
Trd, 086023.317, 111
Trd, 086023.333, 108
Trd, 086023.567, 105
Trd, 086023.783, 112
Trd, 086024.050, 111
Trd, 086024.167, 104
Trd, 086024.267, 98
Trd, 086024.500, 99
Trd, 086024.667, 119
Trd, 086024.717, 120
Trd, 086025.033, 91
Trd, 086025.350, 79
Trd, 086025.450, 136
Trd, 086025.567, 113
Trd, 086026.133, 113
Trd, 086026.150, 114
Trd, 086026.300, 117
Trd, 086026.700, 123
Trd, 086026.883, 119
Trd, 086027.367, 130
Trd, 086027.633, 129
Trd, 086028.083, 138
Trd, 086028.400, 129
Trd, 086028.700, 140
Trd, 086029.167, 140
Trd, 086029.283, 140
Trd, 086029.433, 140
Trd, 086029.683, 140
Trd, 086029.817, 138
Trd, 086029.900, 127
Trd, 086030.050, 114
Trd, 086030.517, 132
Trd, 086030.833, 140
Trd, 086030.850, 129
Trd, 086031.050, 122
Trd, 086031.100, 101
Trd, 086031.333, 140
Trd, 086031.933, 136
Trd, 086032.217, 134
Trd, 086032.567, 133
Trd, 086032.817, 120
Trd, 086032.883, 135
Trd, 086033.517, 105
Trd, 086034.317, 120
Trd, 086034.417, 120
Trd, 086034.450, 119
Trd, 086034.583, 120
Trd, 086034.767, 125
Trd, 086034.783, 119
Trd, 086035.033, 125
Trd, 086035.067, 117
Trd, 086035.183, 109
Trd, 086035.350, 117
Trd, 086035.383, 109
Trd, 086035.950, 103
Trd, 086036.250, 113
Trd, 086036.317, 120
Trd, 086036.333, 129
Trd, 086036.400, 112
Trd, 086036.517, 138
Trd, 086036.617, 100
Trd, 086037.000, 103
Trd, 086037.650, 95
Trd, 086038.617, 136
Trd, 086039.067, 125
Trd, 086039.417, 127
Trd, 086039.733, 127
Trd, 086039.933, 126
Trd, 086040.033, 126
Trd, 086040.067, 124
Trd, 086040.217, 122
Trd, 086040.667, 134
Trd, 086040.733, 121
Trd, 086041.150, 126
Trd, 086041.183, 121
Trd, 086041.233, 116
Trd, 086041.250, 138
Trd, 086041.567, 109
Trd, 086041.583, 132
Trd, 086041.683, 103
Trd, 086041.883, 124
Trd, 086042.033, 139
Trd, 086042.650, 139
Trd, 086042.683, 117
Trd, 086043.333, 136
Trd, 086043.600, 137
Trd, 086043.717, 139
Trd, 086043.800, 138
Trd, 086043.950, 139
Trd, 086044.000, 140
Trd, 086044.483, 139
Trd, 086044.500, 139
Trd, 086044.700, 137
Trd, 086045.317, 128
Trd, 086045.917, 118
Trd, 086046.650, 127
Trd, 086046.900, 127
Trd, 086047.200, 127
Trd, 086047.233, 128
Trd, 086047.733, 124
Trd, 086048.133, 140
Trd, 086048.167, 140
Trd, 086048.550, 134
Trd, 086048.867, 140
Trd, 086048.917, 139
Trd, 086048.983, 133
Trd, 086049.617, 134
Trd, 086050.017, 133
Trd, 086050.433, 131
Trd, 086050.550, 132
Trd, 086050.733, 129
Trd, 086050.750, 125
Trd, 086050.783, 111
Trd, 086051.017, 107
Trd, 086051.267, 114
Trd, 086051.550, 119
Trd, 086051.717, 131
Trd, 086051.850, 114
Trd, 086052.033, 131
Trd, 086052.333, 115
Trd, 086052.783, 131
Trd, 086052.950, 116
Trd, 086053.117, 115
Trd, 086053.300, 115
Trd, 086053.333, 109
Trd, 086053.667, 131
Trd, 086053.683, 99
Trd, 086053.933, 138
Trd, 086054.333, 133
Trd, 086054.583, 127
Trd, 086055.517, 140
Trd, 086055.833, 140
Trd, 086055.867, 138
Trd, 086056.383, 138
Trd, 086056.417, 127
Trd, 086056.867, 124
Trd, 086057.300, 122
Trd, 086057.317, 135
Trd, 086057.683, 135
Trd, 086058.083, 130
Trd, 086058.150, 129
Trd, 086058.183, 138
Trd, 086058.283, 128
Trd, 086058.300, 127
Trd, 086058.500, 118
Trd, 086058.667, 133
Trd, 086058.800, 134
Trd, 086059.583, 111
Trd, 086059.800, 110
Trd, 086060.000, 105
Trd, 086060.433, 113
Trd, 086060.583, 105
Trd, 086061.183, 122
Trd, 086061.217, 123
Trd, 086061.300, 131
Trd, 086061.417, 119
Trd, 086061.517, 123
Trd, 086061.583, 123
Trd, 086061.900, 124
Trd, 086062.383, 140
Trd, 086062.450, 133
Trd, 086062.667, 135
Trd, 086063.067, 130
Trd, 086064.083, 132
Trd, 086064.400, 133
Trd, 086064.700, 136
Trd, 086065.267, 133
Trd, 086065.317, 132
Trd, 086065.350, 131
Trd, 086065.467, 131
Trd, 086065.600, 128
Trd, 086065.700, 125
Trd, 086065.733, 122
Trd, 086066.100, 120
Trd, 086066.367, 129
Trd, 086066.450, 130
Trd, 086067.517, 120
Trd, 086067.583, 129
Trd, 086067.750, 119
Trd, 086068.067, 131
Trd, 086068.383, 108
Trd, 086068.433, 112
Trd, 086068.767, 115
Trd, 086068.833, 105
Trd, 086069.183, 104
Trd, 086069.283, 137
Trd, 086069.317, 112
Trd, 086069.450, 105
Trd, 086070.067, 125
Trd, 086070.433, 134
Trd, 086070.550, 126
Trd, 086071.567, 140
Trd, 086071.600, 140
Trd, 086071.900, 130
Trd, 086072.400, 130
Trd, 086072.467, 129
Trd, 086072.533, 128
Trd, 086072.967, 128
Trd, 086073.217, 124
Trd, 086073.300, 99
Trd, 086073.733, 121
Trd, 086073.783, 125
Trd, 086073.983, 109
Trd, 086074.067, 108
Trd, 086074.233, 122
Trd, 086074.367, 124
Trd, 086074.550, 108
Trd, 086074.583, 107
Trd, 086074.933, 124
Trd, 086075.117, 121
Trd, 086075.500, 125
Trd, 086075.517, 121
Trd, 086075.667, 136
Trd, 086075.933, 125
Trd, 086077.417, 134
Trd, 086077.617, 135
Trd, 086078.333, 140
Trd, 086078.400, 140
Trd, 086078.433, 136
Trd, 086078.550, 133
Trd, 086078.650, 137
Trd, 086078.683, 130
Trd, 086078.700, 127
Trd, 086078.767, 125
Trd, 086079.317, 111
Trd, 086079.500, 98
Trd, 086079.533, 96
Trd, 086079.900, 102
Trd, 086080.450, 104
Trd, 086081.100, 127
Trd, 086081.250, 111
Trd, 086081.417, 111
Trd, 086081.600, 110
Trd, 086081.700, 123
Trd, 086082.083, 120
Trd, 086082.150, 131
Trd, 086082.317, 135
Trd, 086082.717, 135
Trd, 086082.733, 134
Trd, 086082.933, 129
Trd, 086083.067, 129
Trd, 086083.800, 140
Trd, 086083.833, 137
Trd, 086083.950, 133
Trd, 086084.733, 140
Trd, 086084.767, 139
Trd, 086084.800, 121
Trd, 086085.050, 105
Trd, 086085.117, 106
Trd, 086085.133, 131
Trd, 086086.050, 133
Trd, 086086.400, 133
Trd, 086086.917, 133
Trd, 086086.983, 132
Trd, 086087.217, 127
Trd, 086087.850, 124
Trd, 086088.167, 118
Trd, 086088.633, 124
Trd, 086088.650, 116
Trd, 086088.867, 116
Trd, 086088.967, 108
Trd, 086089.300, 109
Trd, 086089.350, 131
Trd, 086089.867, 120
Trd, 086089.917, 106
Trd, 086090.050, 107
Trd, 086090.300, 133
Trd, 086090.750, 121
Trd, 086090.767, 121
Trd, 086090.983, 121
Trd, 086091.217, 135
Trd, 086091.267, 121
Trd, 086091.600, 121
Trd, 086091.750, 122
Trd, 086091.817, 121
Trd, 086091.883, 120
Trd, 086092.133, 128
Trd, 086092.917, 133
Trd, 086092.967, 132
Trd, 086093.067, 131
Trd, 086093.400, 139
Trd, 086093.550, 122
Trd, 086093.633, 109
Trd, 086094.067, 134
Trd, 086094.533, 116
Trd, 086094.650, 108
Trd, 086095.467, 121
Trd, 086095.500, 122
Trd, 086095.600, 123
Trd, 086096.133, 116
Trd, 086096.300, 124
Trd, 086096.333, 109
Trd, 086096.400, 125
Trd, 086096.933, 119
Trd, 086097.333, 93
Trd, 086098.000, 108
Trd, 086098.067, 103
Trd, 086099.150, 139
Trd, 086099.183, 138
Trd, 086099.317, 133
Trd, 086099.800, 134
Trd, 086100.000, 133
Trd, 086100.133, 115
Trd, 086100.567, 134
Trd, 086100.700, 128
Trd, 086100.900, 127
Trd, 086100.983, 121
Trd, 086101.300, 122
Trd, 086101.333, 114
Trd, 086101.350, 132
Trd, 086101.700, 117
Trd, 086101.900, 115
Trd, 086101.967, 122
Trd, 086102.417, 114
Trd, 086102.500, 116
Trd, 086103.017, 135
Trd, 086103.383, 122
Trd, 086103.467, 113
Trd, 086103.883, 115
Trd, 086104.000, 129
Trd, 086104.367, 124
Trd, 086104.733, 139
Trd, 086104.817, 138
Trd, 086105.133, 133
Trd, 086105.250, 124
Trd, 086105.667, 116
Trd, 086105.850, 115
Trd, 086105.900, 124
Trd, 086106.000, 136
Trd, 086106.217, 113
Trd, 086106.333, 114
Trd, 086106.583, 110
Trd, 086106.600, 109
Trd, 086106.650, 124
Trd, 086106.983, 107
Trd, 086107.283, 134
Trd, 086107.317, 113
Trd, 086108.083, 139
Trd, 086108.183, 110
Trd, 086108.367, 109
Trd, 086108.617, 108
Trd, 086109.250, 129
Trd, 086109.583, 138
Trd, 086110.200, 140
Trd, 086110.417, 140
Trd, 086110.600, 139
Trd, 086110.800, 140
Trd, 086111.383, 140
Trd, 086111.983, 140
Trd, 086112.017, 139
Trd, 086112.500, 133
Trd, 086112.783, 137
Trd, 086113.250, 129
Trd, 086114.050, 126
Trd, 086114.100, 127
Trd, 086114.150, 124
Trd, 086114.167, 123
Trd, 086114.217, 123
Trd, 086114.767, 127
Trd, 086114.817, 126
Trd, 086114.850, 126
Trd, 086114.983, 130
Trd, 086115.117, 114
Trd, 086115.133, 131
Trd, 086115.250, 139
Trd, 086115.583, 112
Trd, 086115.767, 104
Trd, 086116.083, 137
Trd, 086116.117, 111
Trd, 086116.717, 140
Trd, 086117.000, 131
Trd, 086117.050, 113
Trd, 086117.983, 114
Trd, 086118.217, 126
Trd, 086118.333, 111
Trd, 086118.367, 109
Trd, 086118.567, 121
Trd, 086118.733, 120
Trd, 086119.133, 117
Trd, 086119.183, 118
Trd, 086119.467, 133
Trd, 086119.517, 108
Trd, 086119.783, 138
Trd, 086119.800, 137
Trd, 086120.017, 135
Trd, 086120.567, 129
Trd, 086120.717, 128
Trd, 086120.733, 116
Trd, 086120.933, 111
Trd, 086121.033, 122
Trd, 086121.083, 108
Trd, 086121.700, 140
Trd, 086122.050, 138
Trd, 086122.300, 127
Trd, 086122.733, 127
Trd, 086123.167, 140
Trd, 086123.467, 140
Trd, 086123.833, 140
Trd, 086124.100, 140
Trd, 086124.300, 140
Trd, 086124.467, 129
Trd, 086124.767, 123
Trd, 086125.017, 139
Trd, 086125.067, 133
Trd, 086125.250, 125
Trd, 086125.317, 124
Trd, 086125.383, 122
Trd, 086125.683, 121
Trd, 086125.833, 131
Trd, 086126.633, 133
Trd, 086126.917, 132
Trd, 086127.183, 131
Trd, 086127.917, 127
Trd, 086128.067, 126
Trd, 086128.250, 126
Trd, 086128.350, 117
Trd, 086128.617, 123
Trd, 086129.050, 105
Trd, 086129.517, 127
Trd, 086129.817, 128
Trd, 086130.000, 105
Trd, 086130.150, 104
Trd, 086131.400, 130
Trd, 086131.467, 129
Trd, 086131.567, 126
Trd, 086131.583, 109
Trd, 086132.017, 106
Trd, 086132.050, 105
Trd, 086132.200, 95
Trd, 086132.400, 108
Trd, 086132.767, 134
Trd, 086132.867, 138
Trd, 086133.217, 137
Trd, 086133.550, 136
Trd, 086133.833, 137
Trd, 086134.183, 140
Trd, 086134.317, 138
Trd, 086134.433, 140
Trd, 086134.683, 140
Trd, 086135.517, 139
Trd, 086135.600, 133
Trd, 086136.117, 136
Trd, 086136.200, 134
Trd, 086136.683, 139
Trd, 086137.067, 138
Trd, 086137.883, 133
Trd, 086138.167, 138
Trd, 086138.333, 128
Trd, 086138.367, 123
Trd, 086138.800, 135
Trd, 086138.900, 129
Trd, 086138.933, 128
Trd, 086139.133, 124
Trd, 086139.567, 130
Trd, 086139.617, 119
Trd, 086139.917, 135
Trd, 086139.967, 137
Trd, 086140.300, 134
Trd, 086140.400, 139
Trd, 086140.467, 117
Trd, 086141.167, 103
Trd, 086141.217, 102
Trd, 086141.400, 133
Trd, 086141.467, 83
Trd, 086141.617, 93
Trd, 086142.067, 117
Trd, 086142.633, 120
Trd, 086142.750, 121
Trd, 086142.833, 134
Trd, 086142.950, 117
Trd, 086143.350, 122
Trd, 086143.717, 98
Trd, 086144.067, 101
Trd, 086144.083, 102
Trd, 086144.333, 107
Trd, 086144.767, 124
Trd, 086144.833, 123
Trd, 086145.033, 122
Trd, 086145.233, 131
Trd, 086145.267, 122
Trd, 086145.700, 137
Trd, 086145.783, 126
Trd, 086145.817, 121
Trd, 086146.000, 118
Trd, 086146.067, 113
Trd, 086146.567, 136
Trd, 086147.233, 140
Trd, 086147.350, 139
Trd, 086147.550, 138
Trd, 086147.950, 136
Trd, 086148.267, 133
Trd, 086148.883, 127
Trd, 086149.667, 125
Trd, 086150.050, 131
Trd, 086150.233, 135
Trd, 086150.800, 131
Trd, 086150.817, 124
Trd, 086150.967, 124
Trd, 086151.150, 137
Trd, 086151.200, 120
Trd, 086151.733, 122
Trd, 086152.083, 128
Trd, 086152.317, 124
Trd, 086152.750, 127
Trd, 086152.767, 128
Trd, 086153.083, 125
Trd, 086153.700, 125
Trd, 086153.717, 124
Trd, 086153.900, 126
Trd, 086154.367, 123
Trd, 086154.517, 120
Trd, 086154.583, 126
Trd, 086154.867, 126
Trd, 086155.167, 128
Trd, 086155.317, 129
Trd, 086155.783, 127
Trd, 086156.150, 125
Trd, 086156.167, 119
Trd, 086156.250, 118
Trd, 086156.767, 140
Trd, 086156.817, 139
Trd, 086157.033, 108
Trd, 086157.067, 107
Trd, 086157.617, 109
Trd, 086157.983, 122
Trd, 086158.383, 122
Trd, 086158.700, 120
Trd, 086158.967, 120
Trd, 086159.167, 118
Trd, 086159.217, 121
Trd, 086159.433, 121
Trd, 086159.633, 113
Trd, 086159.800, 108
Trd, 086160.067, 100
Trd, 086160.117, 123
Trd, 086160.400, 124
Trd, 086160.717, 133
Trd, 086160.817, 135
Trd, 086161.033, 130
Trd, 086162.033, 140
Trd, 086162.550, 140
Trd, 086162.800, 139
Trd, 086163.200, 133
Trd, 086163.433, 132
Trd, 086163.683, 133
Trd, 086163.733, 131
Trd, 086163.850, 127
Trd, 086163.883, 126
Trd, 086164.117, 125
Trd, 086164.250, 119
Trd, 086164.767, 134
Trd, 086165.417, 140
Trd, 086165.483, 139
Trd, 086166.100, 135
Trd, 086166.200, 134
Trd, 086166.233, 128
Trd, 086166.300, 127
Trd, 086166.550, 138
Trd, 086167.017, 130
Trd, 086167.467, 140
Trd, 086167.817, 131
Trd, 086167.850, 129
Trd, 086167.983, 129
Trd, 086168.133, 128
Trd, 086168.233, 122
Trd, 086168.800, 134
Trd, 086169.733, 138
Trd, 086169.833, 134
Trd, 086170.200, 131
Trd, 086170.300, 124
Trd, 086170.367, 135
Trd, 086170.483, 123
Trd, 086170.567, 139
Trd, 086170.750, 122
Trd, 086171.033, 138
Trd, 086171.117, 132
Trd, 086171.317, 121
Trd, 086171.550, 121
Trd, 086171.933, 125
Trd, 086172.300, 122
Trd, 086172.383, 121
Trd, 086172.733, 116
Trd, 086172.967, 122
Trd, 086172.983, 119
Trd, 086173.150, 134
Trd, 086173.317, 117
Trd, 086173.450, 118
Trd, 086173.783, 135
Trd, 086174.267, 128
Trd, 086174.300, 131
Trd, 086174.583, 120
Trd, 086174.833, 114
Trd, 086175.300, 116
Trd, 086175.317, 115
Trd, 086175.517, 114
Trd, 086175.600, 113
Trd, 086175.900, 112
Trd, 086176.150, 109
Trd, 086176.367, 129
Trd, 086176.633, 101
Trd, 086176.783, 130
Trd, 086177.250, 131
Trd, 086177.500, 128
Trd, 086177.750, 113
Trd, 086177.817, 136
Trd, 086177.850, 112
Trd, 086178.250, 109
Trd, 086178.750, 105
Trd, 086178.800, 112
Trd, 086179.167, 111
Trd, 086179.200, 112
Trd, 086179.217, 113
Trd, 086179.533, 135
Trd, 086179.733, 138
Trd, 086180.017, 128
Trd, 086180.033, 127
Trd, 086180.217, 125
Trd, 086181.417, 132
Trd, 086181.600, 133
Trd, 086181.933, 134
Trd, 086182.050, 133
Trd, 086182.317, 131
Trd, 086182.367, 130
Trd, 086182.750, 131
Trd, 086183.583, 129
Trd, 086183.700, 120
Trd, 086183.833, 128
Trd, 086184.450, 128
Trd, 086184.683, 134
Trd, 086184.717, 113
Trd, 086184.850, 134
Trd, 086184.950, 113
Trd, 086185.417, 140
Trd, 086185.533, 116
Trd, 086185.833, 129
Trd, 086186.067, 117
Trd, 086186.133, 116
Trd, 086186.950, 140
Trd, 086186.983, 140
Trd, 086187.667, 140
Trd, 086187.900, 140
Trd, 086187.917, 139
Trd, 086188.317, 133
Trd, 086188.333, 133
Trd, 086188.600, 120
Trd, 086188.850, 121
Trd, 086188.933, 120
Trd, 086189.433, 129
Trd, 086189.483, 133
Trd, 086189.717, 140
Trd, 086190.067, 130
Trd, 086190.083, 128
Trd, 086190.433, 126
Trd, 086190.650, 137
Trd, 086191.417, 131
Trd, 086191.433, 129
Trd, 086191.683, 125
Trd, 086191.850, 113
Trd, 086193.067, 112
Trd, 086193.200, 111
Trd, 086193.283, 108
Trd, 086193.383, 110
Trd, 086193.500, 112
Trd, 086193.600, 122
Trd, 086193.883, 122
Trd, 086193.933, 121
Trd, 086194.267, 118
Trd, 086194.600, 118
Trd, 086195.133, 130
Trd, 086195.217, 129
Trd, 086195.350, 131
Trd, 086195.700, 130
Trd, 086195.750, 129
Trd, 086195.883, 128
Trd, 086195.933, 128
Trd, 086196.200, 126
Trd, 086196.367, 134
Trd, 086196.417, 126
Trd, 086196.700, 124
Trd, 086196.967, 121
Trd, 086197.033, 133
Trd, 086197.183, 140
Trd, 086197.467, 135
Trd, 086197.517, 135
Trd, 086198.033, 134
Trd, 086198.467, 133
Trd, 086199.267, 119
Trd, 086199.717, 108
Trd, 086199.817, 106
Trd, 086199.900, 116
Trd, 086199.967, 104
Trd, 086200.317, 102
Trd, 086200.333, 110
Trd, 086200.517, 118
Trd, 086200.967, 76
Trd, 086200.983, 118
Trd, 086201.300, 102
Trd, 086201.467, 118
Trd, 086201.517, 110
Trd, 086201.900, 108
Trd, 086202.067, 91
Trd, 086203.250, 122
Trd, 086203.550, 119
Trd, 086203.650, 120
Trd, 086203.917, 119
Trd, 086204.367, 125
Trd, 086204.383, 126
Trd, 086204.500, 119
Trd, 086204.783, 126
Trd, 086204.933, 121
Trd, 086205.200, 123
Trd, 086205.333, 124
Trd, 086205.417, 122
Trd, 086205.467, 126
Trd, 086205.500, 119
Trd, 086206.383, 113
Trd, 086206.783, 122
Trd, 086206.917, 137
Trd, 086207.017, 136
Trd, 086207.233, 129
Trd, 086207.483, 127
Trd, 086207.517, 128
Trd, 086207.683, 127
Trd, 086208.717, 140
Trd, 086208.933, 140
Trd, 086208.983, 139
Trd, 086209.067, 140
Trd, 086209.217, 139
Trd, 086209.583, 140
Trd, 086209.600, 139
Trd, 086209.817, 111
Trd, 086210.533, 136
Trd, 086210.700, 95
Trd, 086211.183, 126
Trd, 086211.200, 125
Trd, 086211.300, 113
Trd, 086212.083, 113
Trd, 086212.333, 126
Trd, 086212.600, 108
Trd, 086212.950, 105
Trd, 086212.983, 131
Trd, 086213.433, 130
Trd, 086213.700, 131
Trd, 086213.883, 116
Trd, 086214.333, 112
Trd, 086214.717, 112
Trd, 086215.067, 118
Trd, 086215.383, 125
Trd, 086215.400, 112
Trd, 086215.533, 126
Trd, 086215.583, 127
Trd, 086215.717, 112
Trd, 086215.817, 111
Trd, 086216.150, 128
Trd, 086216.300, 132
Trd, 086216.833, 131
Trd, 086218.183, 113
Trd, 086218.333, 113
Trd, 086218.417, 112
Trd, 086218.433, 114
Trd, 086218.650, 109
Trd, 086218.683, 121
Trd, 086218.733, 102
Trd, 086219.150, 121
Trd, 086219.250, 122
Trd, 086219.550, 128
Trd, 086220.100, 139
Trd, 086220.233, 121
Trd, 086220.717, 111
Trd, 086220.883, 113
Trd, 086221.250, 113
Trd, 086221.400, 113
Trd, 086221.433, 125
Trd, 086221.450, 113
Trd, 086221.550, 130
Trd, 086221.783, 133
Trd, 086222.117, 114
Trd, 086222.583, 133
Trd, 086222.667, 125
Trd, 086222.717, 125
Trd, 086222.950, 128
Trd, 086223.017, 125
Trd, 086223.150, 124
Trd, 086223.183, 122
Trd, 086224.083, 121
Trd, 086224.167, 125
Trd, 086224.200, 126
Trd, 086224.283, 127
Trd, 086224.300, 129
Trd, 086224.733, 123
Trd, 086225.167, 120
Trd, 086225.367, 121
Trd, 086225.650, 122
Trd, 086225.717, 121
Trd, 086226.117, 120
Trd, 086226.467, 109
Trd, 086226.617, 103
Trd, 086227.117, 120
Trd, 086227.150, 117
Trd, 086227.900, 120
Trd, 086227.917, 119
Trd, 086228.300, 122
Trd, 086228.800, 115
Trd, 086228.950, 123
Trd, 086228.967, 125
Trd, 086229.817, 133
Trd, 086230.167, 124
Trd, 086230.217, 130
Trd, 086231.033, 127
Trd, 086231.317, 128
Trd, 086231.433, 129
Trd, 086231.850, 129
Trd, 086232.400, 127
Trd, 086232.417, 127
Trd, 086232.500, 125
Trd, 086232.950, 125
Trd, 086233.000, 123
Trd, 086233.300, 118
Trd, 086233.667, 130
Trd, 086233.817, 122
Trd, 086233.967, 131
Trd, 086234.017, 120
Trd, 086234.317, 120
Trd, 086234.333, 132
Trd, 086234.417, 118
Trd, 086234.883, 119
Trd, 086235.483, 123
Trd, 086235.550, 118
Trd, 086235.700, 113
Trd, 086235.750, 126
Trd, 086235.983, 128
Trd, 086236.100, 116
Trd, 086236.333, 115
Trd, 086236.983, 100
Trd, 086237.083, 98
Trd, 086237.200, 108
Trd, 086237.483, 112
Trd, 086237.700, 128
Trd, 086238.550, 130
Trd, 086238.567, 128
Trd, 086238.850, 127
Trd, 086239.033, 124
Trd, 086239.150, 122
Trd, 086239.433, 105
Trd, 086239.900, 104
Trd, 086239.933, 121
Trd, 086239.967, 103
Trd, 086239.983, 122
Trd, 086240.417, 125
Trd, 086240.567, 118
Trd, 086240.933, 128
Trd, 086241.783, 131
Trd, 086241.833, 130
Trd, 086242.133, 133
Trd, 086242.317, 121
Trd, 086242.633, 132
Trd, 086242.883, 138
Trd, 086243.533, 138
Trd, 086243.583, 136
Trd, 086243.783, 135
Trd, 086243.867, 129
Trd, 086244.133, 135
Trd, 086244.517, 139
Trd, 086245.017, 140
Trd, 086245.217, 138
Trd, 086245.233, 136
Trd, 086245.250, 133
Trd, 086245.367, 122
Trd, 086246.133, 138
Trd, 086246.933, 140
Trd, 086247.183, 135
Trd, 086247.267, 127
Trd, 086247.433, 126
Trd, 086248.017, 129
Trd, 086248.067, 128
Trd, 086248.133, 127
Trd, 086248.267, 128
Trd, 086248.283, 130
Trd, 086248.550, 127
Trd, 086249.133, 134
Trd, 086250.183, 138
Trd, 086250.600, 133
Trd, 086250.683, 139
Trd, 086250.850, 134
Trd, 086250.917, 132
Trd, 086251.333, 132
Trd, 086251.400, 131
Trd, 086251.917, 123
Trd, 086252.017, 122
Trd, 086252.283, 134
Trd, 086252.300, 113
Trd, 086252.400, 137
Trd, 086253.367, 135
Trd, 086253.467, 130
Trd, 086253.567, 124
Trd, 086254.450, 123
Trd, 086254.650, 128
Trd, 086254.933, 134
Trd, 086255.117, 123
Trd, 086255.200, 121
Trd, 086255.450, 140
Trd, 086255.583, 136
Trd, 086255.683, 136
Trd, 086255.883, 140
Trd, 086255.983, 135
Trd, 086256.000, 131
Trd, 086256.167, 129
Trd, 086257.150, 122
Trd, 086257.917, 122
Trd, 086258.017, 123
Trd, 086258.267, 123
Trd, 086258.400, 122
Trd, 086258.950, 121
Trd, 086258.983, 120
Trd, 086259.167, 115
Trd, 086259.450, 116
Trd, 086259.633, 114
Trd, 086260.317, 129
Trd, 086260.517, 120
Trd, 086260.633, 119
Trd, 086260.717, 129
Trd, 086260.783, 115
Trd, 086261.133, 140
Trd, 086261.350, 139
Trd, 086261.417, 138
Trd, 086261.483, 135
Trd, 086261.500, 134
Trd, 086261.783, 123
Trd, 086261.900, 124
Trd, 086262.133, 109
Trd, 086262.350, 109
Trd, 086262.633, 112
Trd, 086262.800, 112
Trd, 086263.067, 124
Trd, 086263.150, 124
Trd, 086263.483, 134
Trd, 086263.917, 135
Trd, 086264.333, 134
Trd, 086264.400, 133
Trd, 086264.517, 131
Trd, 086264.867, 139
Trd, 086265.067, 122
Trd, 086265.167, 121
Trd, 086265.533, 120
Trd, 086265.617, 127
Trd, 086265.800, 128
Trd, 086265.900, 120
Trd, 086265.917, 119
Trd, 086266.500, 136
Trd, 086266.667, 131
Trd, 086266.683, 108
Trd, 086266.717, 136
Trd, 086267.033, 128
Trd, 086267.183, 118
Trd, 086267.333, 119
Trd, 086267.917, 114
Trd, 086268.567, 113
Trd, 086268.733, 113
Trd, 086269.533, 117
Trd, 086269.733, 105
Trd, 086269.800, 108
Trd, 086270.133, 132
Trd, 086270.383, 140
Trd, 086270.450, 139
Trd, 086270.833, 129
Trd, 086270.950, 128
Trd, 086271.000, 128
Trd, 086271.433, 128
Trd, 086271.667, 138
Trd, 086271.983, 137
Trd, 086272.183, 137
Trd, 086272.600, 135
Trd, 086273.417, 130
Trd, 086273.700, 129
Trd, 086273.983, 128
Trd, 086274.100, 125
Trd, 086274.167, 124
Trd, 086274.283, 137
Trd, 086274.667, 115
Trd, 086275.133, 140
Trd, 086275.500, 131
Trd, 086275.733, 134
Trd, 086275.883, 111
Trd, 086275.933, 130
Trd, 086276.150, 110
Trd, 086276.317, 123
Trd, 086276.483, 109
Trd, 086276.750, 108
Trd, 086276.817, 107
Trd, 086276.900, 104
Trd, 086277.483, 102
Trd, 086277.533, 103
Trd, 086277.583, 100
Trd, 086277.667, 97
Trd, 086277.750, 102
Trd, 086277.917, 103
Trd, 086278.733, 89
Trd, 086278.750, 106
Trd, 086278.900, 115
Trd, 086278.917, 88
Trd, 086279.917, 104
Trd, 086280.067, 105
Trd, 086280.267, 102
Trd, 086280.433, 131
Trd, 086280.683, 114
Trd, 086280.783, 106
Trd, 086280.933, 104
Trd, 086281.283, 129
Trd, 086281.317, 128
Trd, 086281.617, 123
Trd, 086282.350, 122
Trd, 086282.600, 118
Trd, 086283.717, 126
Trd, 086283.833, 123
Trd, 086283.850, 122
Trd, 086284.083, 122
Trd, 086284.200, 121
Trd, 086284.300, 116
Trd, 086284.433, 126
Trd, 086284.450, 115
Trd, 086284.500, 130
Trd, 086285.067, 138
Trd, 086285.450, 138
Trd, 086285.850, 137
Trd, 086286.167, 140
Trd, 086286.250, 137
Trd, 086287.117, 138
Trd, 086287.200, 137
Trd, 086287.467, 139
Trd, 086287.683, 137
Trd, 086287.767, 135
Trd, 086287.933, 133
Trd, 086287.967, 131
Trd, 086288.017, 121
Trd, 086288.117, 120
Trd, 086289.033, 133
Trd, 086289.617, 133
Trd, 086290.233, 139
Trd, 086290.333, 124
Trd, 086290.583, 124
Trd, 086291.133, 124
Trd, 086291.217, 139
Trd, 086291.400, 126
Trd, 086291.600, 125
Trd, 086291.717, 119
Trd, 086292.300, 140
Trd, 086292.517, 140
Trd, 086292.750, 138
Trd, 086292.917, 133
Trd, 086293.183, 137
Trd, 086293.283, 127
Trd, 086293.733, 137
Trd, 086294.283, 138
Trd, 086294.433, 137
Trd, 086294.450, 136
Trd, 086294.650, 125
Trd, 086294.950, 129
Trd, 086295.650, 125
Trd, 086295.717, 138
Trd, 086295.783, 140
Trd, 086296.550, 136
Trd, 086296.800, 134
Trd, 086296.867, 121
Trd, 086297.350, 120
Trd, 086297.417, 116
Trd, 086297.567, 118
Trd, 086297.700, 99
Trd, 086298.117, 118
Trd, 086298.333, 113
Trd, 086298.917, 140
Trd, 086298.983, 140
Trd, 086299.217, 140
Trd, 086299.883, 140
Trd, 086300.183, 140
Trd, 086300.250, 138
Trd, 086300.483, 133
Trd, 086300.700, 129
Trd, 086301.150, 129
Trd, 086301.217, 128
Trd, 086301.367, 128
Trd, 086301.417, 127
Trd, 086301.467, 121
Trd, 086302.033, 133
Trd, 086302.050, 132
Trd, 086302.550, 129
Trd, 086302.667, 128
Trd, 086302.733, 125
Trd, 086302.933, 130
Trd, 086303.017, 129
Trd, 086303.583, 127
Trd, 086303.683, 125
Trd, 086303.867, 130
Trd, 086303.983, 127
Trd, 086304.667, 126
Trd, 086304.783, 121
Trd, 086304.867, 125
Trd, 086304.883, 127
Trd, 086305.117, 98
Trd, 086305.333, 102
Trd, 086305.467, 136
Trd, 086305.867, 112
Trd, 086306.100, 131
Trd, 086306.467, 112
Trd, 086306.500, 134
Trd, 086306.817, 111
Trd, 086307.317, 120
Trd, 086307.750, 109
Trd, 086307.983, 107
Trd, 086308.000, 104
Trd, 086308.133, 126
Trd, 086308.517, 114
Trd, 086309.167, 117
Trd, 086309.300, 116
Trd, 086309.700, 127
Trd, 086309.750, 116
Trd, 086309.933, 116
Trd, 086310.000, 115
Trd, 086310.150, 117
Trd, 086310.533, 92
Trd, 086310.933, 124
Trd, 086311.283, 125
Trd, 086311.350, 124
Trd, 086311.433, 126
Trd, 086311.667, 118
Trd, 086311.783, 110
Trd, 086311.867, 139
Trd, 086311.900, 113
Trd, 086312.383, 128
Trd, 086312.483, 139
Trd, 086312.567, 105
Trd, 086312.900, 140
Trd, 086313.067, 140
Trd, 086313.083, 134
Trd, 086313.517, 116
Trd, 086313.667, 140
Trd, 086313.817, 140
Trd, 086314.183, 118
Trd, 086314.817, 121
Trd, 086314.833, 120
Trd, 086314.850, 117
Trd, 086315.200, 127
Trd, 086315.367, 117
Trd, 086315.683, 117
Trd, 086316.017, 119
Trd, 086316.033, 118
Trd, 086316.400, 122
Trd, 086316.467, 114
Trd, 086316.567, 125
Trd, 086317.133, 113
Trd, 086317.483, 112
Trd, 086317.567, 121
Trd, 086317.883, 110
Trd, 086318.083, 126
Trd, 086318.100, 109
Trd, 086318.117, 107
Trd, 086318.667, 110
Trd, 086318.867, 103
Trd, 086319.133, 129
Trd, 086319.533, 105
Trd, 086319.667, 108
Trd, 086320.100, 129
Trd, 086320.383, 138
Trd, 086320.567, 120
Trd, 086320.617, 119
Trd, 086321.050, 115
Trd, 086321.083, 114
Trd, 086321.250, 121
Trd, 086321.717, 121
Trd, 086321.850, 114
Trd, 086322.000, 113
Trd, 086322.550, 118
Trd, 086322.667, 117
Trd, 086322.767, 117
Trd, 086322.983, 113
Trd, 086323.133, 110
Trd, 086323.700, 109
Trd, 086323.900, 106
Trd, 086324.317, 119
Trd, 086324.383, 111
Trd, 086324.550, 112
Trd, 086324.650, 127
Trd, 086324.833, 112
Trd, 086325.517, 140
Trd, 086325.750, 135
Trd, 086325.900, 112
Trd, 086326.633, 123
Trd, 086326.750, 122
Trd, 086326.867, 117
Trd, 086326.983, 117
Trd, 086327.167, 121
Trd, 086327.367, 128
Trd, 086327.567, 118
Trd, 086327.617, 112
Trd, 086328.217, 140
Trd, 086328.433, 140
Trd, 086328.733, 140
Trd, 086328.800, 139
Trd, 086329.667, 140
Trd, 086329.733, 140
Trd, 086329.850, 140
Trd, 086330.000, 140
Trd, 086330.833, 140
Trd, 086331.033, 139
Trd, 086331.483, 136
Trd, 086331.500, 122
Trd, 086331.900, 114
Trd, 086332.217, 133
Trd, 086332.267, 134
Trd, 086332.433, 132
Trd, 086332.450, 131
Trd, 086332.933, 130
Trd, 086333.417, 127
Trd, 086333.483, 127
Trd, 086334.017, 132
Trd, 086334.033, 130
Trd, 086334.050, 129
Trd, 086334.367, 130
Trd, 086334.933, 127
Trd, 086335.050, 130
Trd, 086335.067, 124
Trd, 086335.167, 132
Trd, 086335.850, 133
Trd, 086335.983, 129
Trd, 086336.017, 128
Trd, 086336.100, 126
Trd, 086336.233, 122
Trd, 086336.267, 122
Trd, 086336.633, 103
Trd, 086336.750, 129
Trd, 086337.133, 101
Trd, 086338.217, 105
Trd, 086338.250, 106
Trd, 086338.300, 109
Trd, 086339.383, 108
Trd, 086339.883, 115
Trd, 086340.050, 121
Trd, 086340.233, 115
Trd, 086340.250, 114
Trd, 086340.367, 123
Trd, 086340.750, 109
Trd, 086340.883, 110
Trd, 086341.267, 130
Trd, 086341.283, 131
Trd, 086341.317, 110
Trd, 086341.350, 107
Trd, 086341.767, 108
Trd, 086342.283, 138
Trd, 086342.433, 138
Trd, 086342.600, 108
Trd, 086342.617, 119
Trd, 086342.967, 135
Trd, 086343.100, 130
Trd, 086343.417, 118
Trd, 086343.933, 115
Trd, 086344.033, 114
Trd, 086344.067, 122
Trd, 086344.383, 120
Trd, 086344.500, 122
Trd, 086344.533, 113
Trd, 086344.583, 125
Trd, 086345.033, 112
Trd, 086345.600, 120
Trd, 086345.633, 122
Trd, 086345.950, 140
Trd, 086346.067, 139
Trd, 086346.133, 119
Trd, 086346.200, 112
Trd, 086346.550, 121
Trd, 086346.883, 92
Trd, 086347.950, 129
Trd, 086348.567, 139
Trd, 086348.633, 138
Trd, 086348.683, 132
Trd, 086350.350, 140
Trd, 086350.533, 140
Trd, 086350.833, 140
Trd, 086350.883, 140
Trd, 086350.917, 140
Trd, 086351.150, 140
Trd, 086351.333, 137
Trd, 086351.400, 133
Trd, 086351.533, 130
Trd, 086351.550, 127
Trd, 086352.067, 125
Trd, 086352.550, 134
Trd, 086352.883, 132
Trd, 086353.267, 134
Trd, 086353.583, 126
Trd, 086354.000, 129
Trd, 086354.067, 128
Trd, 086354.167, 127
Trd, 086354.300, 131
Trd, 086354.483, 100
Trd, 086355.117, 112
Trd, 086355.233, 131
Trd, 086355.600, 111
Trd, 086355.717, 118
Trd, 086355.867, 129
Trd, 086356.717, 110
Trd, 086356.733, 129
Trd, 086356.833, 129
Trd, 086357.483, 127
Trd, 086357.683, 119
Trd, 086357.983, 113
Trd, 086358.000, 113
Trd, 086358.300, 115
Trd, 086358.733, 111
Trd, 086358.833, 107
Trd, 086358.967, 126
Trd, 086359.167, 129
Trd, 086359.300, 130
Trd, 086359.417, 124
Trd, 086360.117, 125
Trd, 086360.583, 127
Trd, 086360.617, 126
Trd, 086360.883, 127
Trd, 086361.717, 140
Trd, 086361.800, 138
Trd, 086362.217, 127
Trd, 086362.633, 140
Trd, 086362.700, 138
Trd, 086363.117, 129
Trd, 086363.950, 121
Trd, 086363.983, 136
Trd, 086364.633, 122
Trd, 086365.583, 140
Trd, 086365.700, 140
Trd, 086365.800, 139
Trd, 086366.100, 138
Trd, 086366.150, 136
Trd, 086366.533, 126
Trd, 086366.750, 139
Trd, 086366.883, 135
Trd, 086367.367, 137
Trd, 086367.500, 129
Trd, 086367.967, 128
Trd, 086368.067, 126
Trd, 086368.100, 133
Trd, 086368.283, 136
Trd, 086368.300, 125
Trd, 086368.350, 123
Trd, 086368.700, 138
Trd, 086368.733, 118
Trd, 086368.817, 117
Trd, 086369.150, 126
Trd, 086369.467, 126
Trd, 086369.500, 125
Trd, 086369.633, 127
Trd, 086370.150, 123
Trd, 086370.267, 116
Trd, 086370.350, 115
Trd, 086370.450, 135
Trd, 086370.700, 117
Trd, 086371.000, 134
Trd, 086371.383, 134
Trd, 086371.433, 116
Trd, 086371.783, 110
Trd, 086372.750, 98
Trd, 086373.000, 121
Trd, 086373.050, 93
Trd, 086373.933, 103
Trd, 086374.117, 104
Trd, 086374.400, 109
Trd, 086374.483, 109
Trd, 086374.567, 107
Trd, 086374.817, 105
Trd, 086375.067, 129
Trd, 086375.200, 120
Trd, 086375.750, 129
Trd, 086376.133, 128
Trd, 086376.283, 127
Trd, 086376.517, 121
Trd, 086376.817, 122
Trd, 086377.133, 137
Trd, 086377.317, 121
Trd, 086377.750, 106
Trd, 086377.883, 106
Trd, 086377.950, 136
Trd, 086378.767, 118
Trd, 086378.917, 107
Trd, 086379.017, 118
Trd, 086379.450, 130
Trd, 086379.550, 140
Trd, 086380.400, 121
Trd, 086380.600, 119
Trd, 086380.900, 117
Trd, 086381.050, 115
Trd, 086381.100, 111
Trd, 086381.183, 110
Trd, 086381.250, 131
Trd, 086381.533, 113
Trd, 086381.583, 100
Trd, 086381.717, 95
Trd, 086381.767, 89
Trd, 086381.800, 65
Trd, 086381.967, 110
Trd, 086382.067, 133
Trd, 086382.317, 94
Trd, 086382.533, 132
Trd, 086382.800, 88
Trd, 086383.000, 127
Trd, 086383.367, 106
Trd, 086383.533, 104
Trd, 086383.817, 100
Trd, 086383.867, 84
Trd, 086384.367, 106
Trd, 086384.767, 106
Trd, 086385.050, 101
Trd, 086385.250, 91
Trd, 086385.267, 90
Trd, 086385.567, 92
Trd, 086385.950, 106
Trd, 086386.283, 91
Trd, 086386.500, 110
Trd, 086386.883, 121
Trd, 086387.283, 140
Trd, 086387.767, 140
Trd, 086387.833, 138
Trd, 086387.900, 133
Trd, 086388.400, 139
Trd, 086388.550, 127
Trd, 086388.617, 126
Trd, 086388.667, 123
Trd, 086389.483, 137
Trd, 086389.767, 137
Trd, 086389.783, 136
Trd, 086390.267, 139
Trd, 086390.333, 139
Trd, 086390.883, 139
Trd, 086391.017, 135
Trd, 086391.150, 137
Trd, 086391.383, 134
Trd, 086392.200, 135
Trd, 086392.450, 136
Trd, 086392.500, 137
Trd, 086392.683, 139
Trd, 086392.767, 136
Trd, 086392.833, 135
Trd, 086392.917, 133
Trd, 086393.517, 137
Trd, 086394.333, 130
Trd, 086394.417, 125
Trd, 086394.600, 128
Trd, 086394.650, 127
Trd, 086395.050, 138
Trd, 086395.083, 126
Trd, 086395.367, 138
Trd, 086395.733, 118
Trd, 086396.000, 110
Trd, 086396.267, 109
Trd, 086396.500, 136
Trd, 086396.517, 124
Trd, 086397.517, 121
Trd, 086397.583, 120
Trd, 086397.750, 119
Trd, 086397.950, 136
Trd, 086398.000, 120
Trd, 086398.150, 119
Trd, 086398.317, 137
Trd, 086398.383, 124
Trd, 086398.700, 117
Trd, 086398.967, 139
Trd, 086398.983, 136
Trd, 086399.183, 133
