Trd, 085786.117, 140
Trd, 085786.350, 115
Trd, 085786.833, 119
Trd, 085786.850, 113
Trd, 085787.100, 138
Trd, 085787.167, 124
Trd, 085787.233, 120
Trd, 085787.267, 111
Trd, 085787.383, 100
Trd, 085787.633, 129
Trd, 085788.033, 125
Trd, 085788.550, 124
Trd, 085788.583, 123
Trd, 085788.633, 122
Trd, 085788.667, 117
Trd, 085788.883, 132
Trd, 085788.917, 89
Trd, 085789.150, 115
Trd, 085789.450, 131
Trd, 085789.600, 126
Trd, 085789.700, 130
Trd, 085790.183, 123
Trd, 085790.283, 102
Trd, 085790.817, 120
Trd, 085791.167, 118
Trd, 085791.217, 108
Trd, 085791.267, 107
Trd, 085791.700, 133
Trd, 085791.767, 125
Trd, 085791.833, 112
Trd, 085792.517, 131
Trd, 085792.767, 130
Trd, 085792.817, 129
Trd, 085793.367, 114
Trd, 085793.467, 109
Trd, 085793.533, 88
Trd, 085793.967, 122
Trd, 085794.567, 139
Trd, 085794.583, 137
Trd, 085794.800, 137
Trd, 085795.100, 128
Trd, 085795.150, 121
Trd, 085795.333, 137
Trd, 085795.467, 119
Trd, 085795.617, 138
Trd, 085795.867, 138
Trd, 085796.117, 136
Trd, 085796.750, 140
Trd, 085796.817, 126
Trd, 085797.067, 96
Trd, 085797.233, 91
Trd, 085798.067, 114
Trd, 085798.283, 118
Trd, 085798.300, 114
Trd, 085798.367, 114
Trd, 085798.400, 113
Trd, 085798.533, 101
Trd, 085798.750, 120
Trd, 085798.850, 110
Trd, 085799.283, 136
Trd, 085799.467, 126
Trd, 085799.533, 125
Trd, 085799.717, 110
Trd, 085799.933, 125
Trd, 085800.117, 108
Trd, 085800.383, 140
Trd, 085800.617, 140
Trd, 085800.817, 119
Trd, 085801.133, 123
Trd, 085801.417, 131
Trd, 085801.583, 140
Trd, 085801.900, 131
Trd, 085802.233, 120
Trd, 085802.550, 108
Trd, 085802.717, 103
Trd, 085803.000, 102
Trd, 085803.133, 96
Trd, 085803.167, 95
Trd, 085803.383, 109
Trd, 085803.450, 111
Trd, 085803.583, 95
Trd, 085804.050, 99
Trd, 085804.150, 104
Trd, 085804.167, 100
Trd, 085804.350, 100
Trd, 085804.567, 99
Trd, 085805.233, 93
Trd, 085805.400, 128
Trd, 085805.483, 92
Trd, 085805.900, 100
Trd, 085805.983, 98
Trd, 085806.383, 114
Trd, 085806.650, 135
Trd, 085807.117, 123
Trd, 085807.383, 115
Trd, 085807.550, 115
Trd, 085807.883, 140
Trd, 085808.150, 139
Trd, 085808.233, 137
Trd, 085808.500, 129
Trd, 085808.700, 117
Trd, 085808.833, 111
Trd, 085809.017, 99
Trd, 085809.183, 88
Trd, 085809.583, 137
Trd, 085809.750, 136
Trd, 085810.200, 126
Trd, 085810.433, 123
Trd, 085810.517, 107
Trd, 085810.717, 93
Trd, 085810.983, 122
Trd, 085811.083, 123
Trd, 085811.100, 130
Trd, 085811.750, 133
Trd, 085811.967, 132
Trd, 085812.050, 129
Trd, 085812.517, 133
Trd, 085813.067, 128
Trd, 085813.317, 121
Trd, 085813.333, 119
Trd, 085813.767, 138
Trd, 085813.817, 140
Trd, 085814.033, 126
Trd, 085814.483, 126
Trd, 085814.650, 122
Trd, 085814.950, 125
Trd, 085815.583, 133
Trd, 085815.617, 132
Trd, 085815.983, 129
Trd, 085816.067, 121
Trd, 085816.133, 134
Trd, 085816.267, 118
Trd, 085816.367, 114
Trd, 085817.050, 115
Trd, 085817.117, 114
Trd, 085817.183, 113
Trd, 085817.333, 132
Trd, 085817.367, 113
Trd, 085817.683, 110
Trd, 085817.950, 119
Trd, 085818.433, 113
Trd, 085818.550, 127
Trd, 085819.150, 108
Trd, 085819.500, 139
Trd, 085819.683, 128
Trd, 085819.800, 127
Trd, 085819.850, 118
Trd, 085820.200, 137
Trd, 085820.283, 104
Trd, 085820.467, 99
Trd, 085820.550, 102
Trd, 085820.583, 95
Trd, 085820.733, 105
Trd, 085820.933, 118
Trd, 085821.200, 134
Trd, 085821.267, 96
Trd, 085821.850, 107
Trd, 085822.017, 92
Trd, 085822.417, 110
Trd, 085822.533, 108
Trd, 085822.750, 94
Trd, 085822.767, 93
Trd, 085822.850, 118
Trd, 085823.517, 97
Trd, 085823.850, 117
Trd, 085824.100, 108
Trd, 085824.133, 101
Trd, 085824.183, 113
Trd, 085824.200, 96
Trd, 085824.733, 140
Trd, 085825.117, 140
Trd, 085825.817, 140
Trd, 085825.883, 140
Trd, 085826.133, 140
Trd, 085826.183, 140
Trd, 085826.467, 140
Trd, 085826.600, 136
Trd, 085826.717, 130
Trd, 085826.733, 128
Trd, 085826.983, 123
Trd, 085827.733, 122
Trd, 085828.083, 107
Trd, 085828.117, 107
Trd, 085828.150, 107
Trd, 085828.333, 102
Trd, 085828.400, 127
Trd, 085828.567, 112
Trd, 085828.850, 108
Trd, 085829.833, 106
Trd, 085830.050, 108
Trd, 085830.183, 105
Trd, 085830.783, 100
Trd, 085830.917, 96
Trd, 085831.133, 112
Trd, 085831.433, 112
Trd, 085831.483, 104
Trd, 085831.733, 97
Trd, 085831.850, 117
Trd, 085831.917, 120
Trd, 085832.333, 124
Trd, 085832.417, 108
Trd, 085832.833, 98
Trd, 085833.100, 90
Trd, 085833.267, 99
Trd, 085833.750, 109
Trd, 085833.867, 94
Trd, 085834.233, 94
Trd, 085834.333, 93
Trd, 085834.433, 108
Trd, 085834.800, 84
Trd, 085835.117, 103
Trd, 085835.250, 121
Trd, 085835.317, 120
Trd, 085835.750, 87
Trd, 085835.867, 83
Trd, 085836.033, 128
Trd, 085836.533, 120
Trd, 085836.800, 139
Trd, 085836.967, 139
Trd, 085837.067, 139
Trd, 085837.333, 140
Trd, 085837.400, 140
Trd, 085837.567, 135
Trd, 085837.617, 127
Trd, 085837.667, 119
Trd, 085837.950, 118
Trd, 085838.200, 131
Trd, 085838.250, 131
Trd, 085838.500, 114
Trd, 085838.600, 104
Trd, 085838.633, 103
Trd, 085839.100, 133
Trd, 085839.967, 137
Trd, 085840.033, 131
Trd, 085840.250, 136
Trd, 085840.267, 129
Trd, 085840.633, 127
Trd, 085840.683, 118
Trd, 085840.767, 114
Trd, 085841.217, 140
Trd, 085841.317, 136
Trd, 085842.367, 134
Trd, 085842.550, 129
Trd, 085842.850, 130
Trd, 085843.083, 127
Trd, 085843.433, 126
Trd, 085843.750, 126
Trd, 085843.867, 133
Trd, 085844.183, 130
Trd, 085844.750, 128
Trd, 085844.967, 127
Trd, 085845.000, 125
Trd, 085845.350, 118
Trd, 085845.550, 111
Trd, 085845.650, 104
Trd, 085845.700, 103
Trd, 085845.750, 102
Trd, 085846.350, 129
Trd, 085846.433, 132
Trd, 085846.517, 111
Trd, 085846.617, 106
Trd, 085846.917, 102
Trd, 085847.400, 119
Trd, 085847.700, 118
Trd, 085847.883, 122
Trd, 085847.900, 123
Trd, 085848.033, 114
Trd, 085848.167, 116
Trd, 085848.217, 105
Trd, 085848.350, 96
Trd, 085848.383, 131
Trd, 085848.400, 93
Trd, 085848.700, 104
Trd, 085849.117, 118
Trd, 085849.483, 114
Trd, 085849.933, 114
Trd, 085850.383, 121
Trd, 085850.583, 120
Trd, 085850.733, 118
Trd, 085850.917, 138
Trd, 085850.967, 130
Trd, 085851.083, 112
Trd, 085851.267, 137
Trd, 085851.733, 131
Trd, 085851.850, 129
Trd, 085852.017, 121
Trd, 085852.283, 118
Trd, 085852.983, 133
Trd, 085853.150, 128
Trd, 085853.333, 125
Trd, 085853.700, 128
Trd, 085854.083, 133
Trd, 085854.217, 131
Trd, 085854.250, 127
Trd, 085854.500, 118
Trd, 085854.967, 139
Trd, 085855.033, 119
Trd, 085855.200, 117
Trd, 085855.550, 116
Trd, 085855.817, 117
Trd, 085855.983, 131
Trd, 085856.083, 119
Trd, 085856.450, 128
Trd, 085856.500, 115
Trd, 085856.967, 140
Trd, 085857.083, 140
Trd, 085857.250, 127
Trd, 085857.467, 127
Trd, 085857.700, 138
Trd, 085857.950, 123
Trd, 085858.067, 119
Trd, 085858.300, 114
Trd, 085858.600, 133
Trd, 085859.100, 126
Trd, 085859.167, 125
Trd, 085859.200, 114
Trd, 085859.450, 134
Trd, 085859.517, 138
Trd, 085859.667, 112
Trd, 085859.833, 113
Trd, 085860.350, 112
Trd, 085860.733, 136
Trd, 085860.900, 106
Trd, 085861.550, 123
Trd, 085862.200, 127
Trd, 085862.333, 126
Trd, 085862.433, 122
Trd, 085862.450, 135
Trd, 085863.267, 130
Trd, 085863.333, 130
Trd, 085863.583, 126
Trd, 085863.633, 114
Trd, 085863.750, 105
Trd, 085864.550, 105
Trd, 085864.883, 95
Trd, 085864.950, 106
Trd, 085864.967, 89
Trd, 085865.133, 83
Trd, 085865.150, 117
Trd, 085865.183, 69
Trd, 085865.533, 99
Trd, 085865.633, 108
Trd, 085866.150, 106
Trd, 085866.333, 129
Trd, 085867.200, 140
Trd, 085867.233, 139
Trd, 085867.250, 138
Trd, 085867.667, 139
Trd, 085867.967, 139
Trd, 085868.233, 140
Trd, 085868.533, 138
Trd, 085868.600, 131
Trd, 085868.700, 121
Trd, 085868.967, 121
Trd, 085869.367, 121
Trd, 085869.550, 140
Trd, 085869.817, 113
Trd, 085869.950, 112
Trd, 085869.967, 107
Trd, 085870.033, 126
Trd, 085870.350, 113
Trd, 085870.367, 102
Trd, 085870.717, 121
Trd, 085871.183, 129
Trd, 085871.517, 108
Trd, 085871.750, 117
Trd, 085871.817, 111
Trd, 085871.900, 124
Trd, 085871.917, 138
Trd, 085872.517, 111
Trd, 085872.583, 107
Trd, 085872.883, 103
Trd, 085873.100, 109
Trd, 085873.300, 99
Trd, 085873.467, 129
Trd, 085873.767, 121
Trd, 085874.483, 110
Trd, 085875.083, 124
Trd, 085875.250, 116
Trd, 085875.333, 118
Trd, 085875.533, 105
Trd, 085875.600, 129
Trd, 085875.750, 104
Trd, 085876.033, 138
Trd, 085876.283, 140
Trd, 085876.517, 138
Trd, 085876.917, 137
Trd, 085876.983, 132
Trd, 085877.050, 123
Trd, 085877.200, 122
Trd, 085877.283, 114
Trd, 085877.767, 131
Trd, 085877.883, 131
Trd, 085877.950, 130
Trd, 085878.083, 119
Trd, 085878.333, 120
Trd, 085878.400, 140
Trd, 085878.917, 119
Trd, 085879.017, 118
Trd, 085879.450, 113
Trd, 085880.733, 140
Trd, 085880.983, 137
Trd, 085881.000, 130
Trd, 085881.083, 126
Trd, 085881.167, 135
Trd, 085881.450, 119
Trd, 085881.700, 134
Trd, 085882.000, 126
Trd, 085882.117, 125
Trd, 085882.150, 134
Trd, 085882.350, 119
Trd, 085882.467, 117
Trd, 085882.500, 134
Trd, 085882.883, 125
Trd, 085883.117, 128
Trd, 085883.333, 123
Trd, 085883.567, 117
Trd, 085883.700, 114
Trd, 085883.717, 113
Trd, 085883.750, 108
Trd, 085884.083, 106
Trd, 085884.983, 133
Trd, 085885.183, 120
Trd, 085885.300, 114
Trd, 085885.567, 113
Trd, 085885.617, 134
Trd, 085885.667, 106
Trd, 085886.117, 132
Trd, 085886.267, 131
Trd, 085886.450, 133
Trd, 085886.467, 116
Trd, 085886.783, 131
Trd, 085887.050, 116
Trd, 085887.683, 106
Trd, 085887.817, 134
Trd, 085887.833, 102
Trd, 085887.967, 101
Trd, 085888.033, 100
Trd, 085888.150, 97
Trd, 085888.283, 101
Trd, 085888.483, 112
Trd, 085888.650, 101
Trd, 085889.100, 117
Trd, 085889.167, 112
Trd, 085889.550, 127
Trd, 085889.567, 111
Trd, 085889.583, 137
Trd, 085889.633, 105
Trd, 085890.133, 137
Trd, 085890.417, 65
Trd, 085890.833, 70
Trd, 085891.067, 91
Trd, 085891.583, 78
Trd, 085891.800, 77
Trd, 085892.267, 93
Trd, 085892.600, 102
Trd, 085892.633, 92
Trd, 085892.650, 103
Trd, 085892.767, 105
Trd, 085893.000, 91
Trd, 085893.033, 92
Trd, 085893.050, 123
Trd, 085893.100, 112
Trd, 085893.133, 124
Trd, 085893.167, 89
Trd, 085893.283, 88
Trd, 085893.767, 135
Trd, 085894.000, 88
Trd, 085894.417, 80
Trd, 085894.600, 78
Trd, 085895.167, 78
Trd, 085895.400, 60
Trd, 085895.800, 109
Trd, 085895.900, 104
Trd, 085896.033, 103
Trd, 085896.083, 102
Trd, 085896.367, 101
Trd, 085896.500, 129
Trd, 085896.850, 135
Trd, 085896.867, 132
Trd, 085896.883, 113
Trd, 085897.100, 136
Trd, 085897.350, 136
Trd, 085897.450, 117
Trd, 085897.750, 117
Trd, 085898.567, 114
Trd, 085898.850, 110
Trd, 085899.017, 110
Trd, 085899.283, 111
Trd, 085899.500, 124
Trd, 085899.517, 123
Trd, 085899.983, 130
Trd, 085900.117, 127
Trd, 085900.133, 120
Trd, 085900.383, 115
Trd, 085900.950, 126
Trd, 085900.967, 115
Trd, 085901.000, 114
Trd, 085901.883, 139
Trd, 085901.950, 137
Trd, 085902.050, 136
Trd, 085902.333, 119
Trd, 085902.533, 138
Trd, 085902.700, 117
Trd, 085902.850, 116
Trd, 085902.883, 120
Trd, 085903.150, 123
Trd, 085903.833, 137
Trd, 085903.850, 132
Trd, 085903.950, 123
Trd, 085903.967, 122
Trd, 085904.133, 117
Trd, 085904.167, 112
Trd, 085904.800, 110
Trd, 085904.883, 125
Trd, 085905.117, 124
Trd, 085906.333, 125
Trd, 085906.400, 123
Trd, 085906.617, 122
Trd, 085906.933, 123
Trd, 085906.967, 122
Trd, 085907.017, 121
Trd, 085907.067, 116
Trd, 085907.267, 114
Trd, 085907.667, 113
Trd, 085908.800, 118
Trd, 085908.867, 133
Trd, 085909.100, 117
Trd, 085909.133, 116
Trd, 085909.350, 134
Trd, 085909.383, 138
Trd, 085909.583, 113
Trd, 085910.200, 140
Trd, 085910.233, 140
Trd, 085910.317, 140
Trd, 085910.333, 137
Trd, 085910.350, 114
Trd, 085910.617, 110
Trd, 085910.717, 109
Trd, 085911.200, 107
Trd, 085911.883, 109
Trd, 085912.133, 108
Trd, 085912.317, 105
Trd, 085912.617, 99
Trd, 085912.717, 97
Trd, 085913.083, 96
Trd, 085913.233, 100
Trd, 085913.333, 96
Trd, 085913.533, 96
Trd, 085913.600, 109
Trd, 085913.800, 106
Trd, 085913.850, 109
Trd, 085914.050, 85
Trd, 085914.733, 116
Trd, 085914.783, 114
Trd, 085914.800, 131
Trd, 085915.517, 115
Trd, 085915.533, 107
Trd, 085915.983, 126
Trd, 085916.367, 123
Trd, 085916.567, 125
Trd, 085917.033, 108
Trd, 085917.417, 121
Trd, 085917.733, 130
Trd, 085917.950, 124
Trd, 085917.967, 123
Trd, 085918.233, 137
Trd, 085918.250, 122
Trd, 085918.417, 139
Trd, 085918.583, 137
Trd, 085918.617, 130
Trd, 085918.683, 129
Trd, 085918.750, 94
Trd, 085919.533, 139
Trd, 085919.717, 139
Trd, 085919.750, 138
Trd, 085919.833, 138
Trd, 085919.900, 137
Trd, 085920.383, 121
Trd, 085920.433, 115
Trd, 085920.800, 121
Trd, 085921.200, 104
Trd, 085921.367, 89
Trd, 085921.467, 88
Trd, 085921.800, 140
Trd, 085921.983, 127
Trd, 085922.433, 115
Trd, 085922.783, 133
Trd, 085922.917, 129
Trd, 085923.100, 130
Trd, 085923.200, 129
Trd, 085923.733, 126
Trd, 085924.050, 140
Trd, 085924.717, 136
Trd, 085924.933, 135
Trd, 085925.383, 140
Trd, 085925.550, 131
Trd, 085925.700, 122
Trd, 085925.983, 118
Trd, 085926.067, 117
Trd, 085926.317, 140
Trd, 085926.483, 116
Trd, 085926.650, 115
Trd, 085926.767, 130
Trd, 085926.967, 104
Trd, 085927.050, 105
Trd, 085927.850, 133
Trd, 085927.983, 136
Trd, 085928.317, 136
Trd, 085928.750, 137
Trd, 085928.767, 138
Trd, 085928.933, 137
Trd, 085928.950, 128
Trd, 085929.033, 118
Trd, 085929.183, 117
Trd, 085929.600, 116
Trd, 085930.000, 137
Trd, 085930.317, 139
Trd, 085930.700, 138
Trd, 085930.717, 118
Trd, 085930.900, 117
Trd, 085930.950, 105
Trd, 085931.100, 126
Trd, 085931.367, 140
Trd, 085931.800, 140
Trd, 085932.117, 140
Trd, 085932.217, 139
Trd, 085932.383, 104
Trd, 085932.767, 103
Trd, 085932.917, 117
Trd, 085933.017, 133
Trd, 085933.733, 130
Trd, 085933.950, 121
Trd, 085934.050, 118
Trd, 085934.433, 123
Trd, 085934.550, 106
Trd, 085935.033, 115
Trd, 085935.117, 123
Trd, 085935.250, 111
Trd, 085935.617, 111
Trd, 085935.733, 110
Trd, 085935.800, 138
Trd, 085935.983, 137
Trd, 085936.267, 139
Trd, 085936.367, 113
Trd, 085936.700, 110
Trd, 085936.917, 120
Trd, 085936.933, 118
Trd, 085938.050, 134
Trd, 085938.067, 132
Trd, 085938.100, 131
Trd, 085938.183, 135
Trd, 085938.283, 127
Trd, 085938.317, 126
Trd, 085938.567, 125
Trd, 085938.767, 134
Trd, 085939.150, 128
Trd, 085939.333, 119
Trd, 085939.417, 118
Trd, 085939.700, 134
Trd, 085939.783, 124
Trd, 085939.800, 123
Trd, 085940.083, 119
Trd, 085940.117, 114
Trd, 085940.183, 106
Trd, 085940.217, 100
Trd, 085940.250, 99
Trd, 085940.317, 136
Trd, 085940.767, 118
Trd, 085941.567, 98
Trd, 085941.767, 102
Trd, 085941.867, 117
Trd, 085942.617, 96
Trd, 085942.700, 108
Trd, 085943.150, 119
Trd, 085943.283, 115
Trd, 085943.317, 110
Trd, 085943.567, 92
Trd, 085943.700, 91
Trd, 085944.017, 80
Trd, 085944.183, 139
Trd, 085944.233, 93
Trd, 085945.017, 135
Trd, 085945.233, 133
Trd, 085945.967, 108
Trd, 085946.050, 137
Trd, 085946.133, 134
Trd, 085946.333, 132
Trd, 085946.350, 91
Trd, 085946.367, 88
Trd, 085946.483, 87
Trd, 085946.833, 103
Trd, 085947.250, 126
Trd, 085947.367, 108
Trd, 085947.467, 78
Trd, 085947.667, 103
Trd, 085947.817, 108
Trd, 085947.967, 107
Trd, 085948.350, 102
Trd, 085948.500, 100
Trd, 085948.633, 98
Trd, 085948.667, 119
Trd, 085949.000, 139
Trd, 085949.200, 87
Trd, 085949.267, 87
Trd, 085949.850, 135
Trd, 085950.083, 117
Trd, 085950.383, 112
Trd, 085950.767, 119
Trd, 085950.867, 121
Trd, 085951.050, 132
Trd, 085951.167, 123
Trd, 085951.267, 119
Trd, 085951.567, 110
Trd, 085951.600, 105
Trd, 085951.933, 128
Trd, 085952.400, 123
Trd, 085952.950, 140
Trd, 085952.967, 140
Trd, 085953.183, 123
Trd, 085953.267, 122
Trd, 085953.567, 122
Trd, 085953.667, 121
Trd, 085954.033, 122
Trd, 085954.050, 108
Trd, 085955.400, 138
Trd, 085955.417, 118
Trd, 085955.450, 107
Trd, 085955.617, 101
Trd, 085955.817, 91
Trd, 085956.067, 95
Trd, 085956.183, 94
Trd, 085956.200, 110
Trd, 085956.333, 91
Trd, 085956.583, 90
Trd, 085956.817, 125
Trd, 085956.883, 126
Trd, 085957.917, 140
Trd, 085958.050, 140
Trd, 085958.350, 140
Trd, 085958.383, 140
Trd, 085958.567, 140
Trd, 085958.717, 140
Trd, 085958.950, 134
Trd, 085959.050, 127
Trd, 085959.067, 118
Trd, 085959.383, 132
Trd, 085959.700, 124
Trd, 085960.083, 135
Trd, 085960.183, 123
Trd, 085960.267, 122
Trd, 085960.767, 122
Trd, 085961.100, 122
Trd, 085961.250, 126
Trd, 085961.283, 121
Trd, 085961.383, 111
Trd, 085961.483, 107
Trd, 085961.717, 140
Trd, 085962.083, 98
Trd, 085962.167, 126
Trd, 085962.367, 97
Trd, 085962.733, 135
Trd, 085962.967, 130
Trd, 085963.150, 127
Trd, 085963.267, 115
Trd, 085963.533, 110
Trd, 085963.633, 120
Trd, 085963.767, 81
Trd, 085964.283, 135
Trd, 085964.483, 129
Trd, 085964.750, 122
Trd, 085965.067, 138
Trd, 085965.333, 133
Trd, 085965.883, 124
Trd, 085966.117, 107
Trd, 085966.567, 109
Trd, 085966.717, 107
Trd, 085967.000, 107
Trd, 085967.283, 126
Trd, 085967.450, 127
Trd, 085967.717, 111
Trd, 085967.833, 110
Trd, 085967.900, 101
Trd, 085968.050, 110
Trd, 085968.083, 104
Trd, 085968.167, 101
Trd, 085968.300, 108
Trd, 085968.450, 99
Trd, 085968.467, 97
Trd, 085968.583, 94
Trd, 085968.983, 129
Trd, 085969.233, 129
Trd, 085969.650, 136
Trd, 085970.283, 115
Trd, 085970.483, 115
Trd, 085971.633, 130
Trd, 085971.650, 126
Trd, 085971.667, 125
Trd, 085971.967, 127
Trd, 085972.033, 140
Trd, 085972.233, 122
Trd, 085972.283, 121
Trd, 085972.417, 136
Trd, 085972.550, 119
Trd, 085972.600, 118
Trd, 085973.317, 133
Trd, 085973.583, 117
Trd, 085973.617, 116
Trd, 085973.850, 122
Trd, 085973.950, 114
Trd, 085974.017, 137
Trd, 085974.050, 116
Trd, 085974.850, 127
Trd, 085975.033, 126
Trd, 085975.217, 124
Trd, 085975.367, 123
Trd, 085975.400, 122
Trd, 085975.517, 119
Trd, 085975.533, 108
Trd, 085975.633, 93
Trd, 085975.717, 91
Trd, 085975.850, 90
Trd, 085975.933, 76
Trd, 085976.017, 106
Trd, 085976.517, 138
Trd, 085976.817, 131
Trd, 085976.950, 115
Trd, 085977.000, 117
Trd, 085977.017, 92
Trd, 085977.350, 139
Trd, 085977.417, 132
Trd, 085977.817, 133
Trd, 085977.983, 132
Trd, 085978.233, 132
Trd, 085978.483, 132
Trd, 085978.600, 125
Trd, 085978.717, 119
Trd, 085978.817, 116
Trd, 085979.050, 133
Trd, 085979.467, 140
Trd, 085979.483, 111
Trd, 085979.567, 122
Trd, 085979.850, 140
Trd, 085980.067, 108
Trd, 085980.667, 108
Trd, 085981.067, 100
Trd, 085981.167, 128
Trd, 085981.400, 101
Trd, 085981.517, 100
Trd, 085981.817, 93
Trd, 085982.300, 90
Trd, 085982.467, 114
Trd, 085982.600, 83
Trd, 085982.717, 65
Trd, 085982.950, 86
Trd, 085983.383, 86
Trd, 085983.450, 72
Trd, 085983.500, 70
Trd, 085983.833, 61
Trd, 085984.367, 122
Trd, 085985.200, 60
Trd, 085985.333, 60
Trd, 085985.483, 62
Trd, 085985.750, 62
Trd, 085985.900, 85
Trd, 085986.150, 79
Trd, 085986.467, 80
Trd, 085986.633, 73
Trd, 085986.967, 82
Trd, 085987.033, 103
Trd, 085987.183, 70
Trd, 085987.650, 111
Trd, 085987.967, 120
Trd, 085988.050, 119
Trd, 085988.100, 110
Trd, 085988.200, 101
Trd, 085988.383, 140
Trd, 085988.450, 119
Trd, 085988.650, 123
Trd, 085988.683, 119
Trd, 085988.750, 118
Trd, 085988.783, 118
Trd, 085989.000, 112
Trd, 085989.550, 130
Trd, 085989.967, 136
Trd, 085990.000, 135
Trd, 085990.083, 103
Trd, 085990.683, 122
Trd, 085990.700, 121
Trd, 085990.717, 106
Trd, 085990.883, 105
Trd, 085991.083, 96
Trd, 085991.600, 131
Trd, 085992.017, 114
Trd, 085992.583, 136
Trd, 085992.867, 135
Trd, 085993.100, 120
Trd, 085993.433, 119
Trd, 085993.483, 115
Trd, 085993.600, 106
Trd, 085993.733, 132
Trd, 085993.800, 120
Trd, 085994.083, 109
Trd, 085994.550, 109
Trd, 085994.617, 135
Trd, 085995.200, 140
Trd, 085995.217, 131
Trd, 085995.833, 128
Trd, 085996.083, 129
Trd, 085996.550, 135
Trd, 085996.600, 134
Trd, 085996.750, 132
Trd, 085997.017, 134
Trd, 085997.083, 132
Trd, 085997.167, 131
Trd, 085997.250, 138
Trd, 085997.500, 125
Trd, 085997.633, 112
Trd, 085997.683, 130
Trd, 085997.917, 111
Trd, 085998.017, 111
Trd, 085998.083, 100
Trd, 085998.817, 114
Trd, 085998.867, 113
Trd, 085998.900, 77
Trd, 085999.150, 80
Trd, 085999.300, 121
Trd, 085999.700, 114
Trd, 085999.850, 112
Trd, 085999.933, 103
Trd, 085999.950, 100
Trd, 086000.217, 109
Trd, 086000.650, 119
Trd, 086000.817, 125
Trd, 086001.267, 126
Trd, 086001.450, 135
Trd, 086001.867, 118
Trd, 086002.550, 127
Trd, 086002.617, 126
Trd, 086002.867, 119
Trd, 086002.967, 119
Trd, 086003.167, 131
Trd, 086003.350, 118
Trd, 086003.450, 117
Trd, 086003.750, 121
Trd, 086003.850, 105
Trd, 086004.083, 122
Trd, 086004.250, 133
Trd, 086004.583, 133
Trd, 086005.267, 135
Trd, 086005.350, 127
Trd, 086005.650, 118
Trd, 086005.800, 117
Trd, 086005.867, 137
Trd, 086006.067, 126
Trd, 086006.133, 113
Trd, 086006.217, 108
Trd, 086006.333, 97
Trd, 086006.517, 93
Trd, 086006.717, 119
Trd, 086007.083, 104
Trd, 086007.250, 133
Trd, 086007.333, 116
Trd, 086007.350, 102
Trd, 086007.417, 103
Trd, 086007.933, 116
Trd, 086008.417, 109
Trd, 086008.717, 136
Trd, 086008.967, 110
Trd, 086009.000, 140
Trd, 086009.417, 123
Trd, 086009.617, 125
Trd, 086010.117, 114
Trd, 086010.167, 109
Trd, 086010.283, 106
Trd, 086010.383, 106
Trd, 086010.600, 127
Trd, 086010.700, 105
Trd, 086011.133, 126
Trd, 086012.800, 138
Trd, 086012.850, 137
Trd, 086012.883, 129
Trd, 086013.183, 135
Trd, 086013.417, 131
Trd, 086013.467, 125
Trd, 086013.733, 113
Trd, 086013.867, 108
Trd, 086014.133, 129
Trd, 086014.483, 128
Trd, 086014.650, 109
Trd, 086014.717, 108
Trd, 086014.883, 108
Trd, 086015.267, 107
Trd, 086015.383, 109
Trd, 086015.550, 103
Trd, 086015.650, 109
Trd, 086015.667, 103
Trd, 086015.717, 111
Trd, 086016.900, 140
Trd, 086017.000, 140
Trd, 086017.017, 132
Trd, 086017.200, 121
Trd, 086017.283, 117
Trd, 086017.533, 138
Trd, 086017.650, 137
Trd, 086017.683, 137
Trd, 086017.783, 112
Trd, 086018.133, 110
Trd, 086018.417, 107
Trd, 086019.033, 116
Trd, 086019.167, 112
Trd, 086019.217, 121
Trd, 086019.367, 107
Trd, 086019.417, 105
Trd, 086019.467, 134
Trd, 086019.683, 136
Trd, 086019.817, 126
Trd, 086020.383, 126
Trd, 086020.567, 123
Trd, 086020.667, 135
Trd, 086021.233, 125
Trd, 086021.383, 123
Trd, 086021.867, 120
Trd, 086022.033, 137
Trd, 086022.383, 131
Trd, 086022.417, 120
Trd, 086022.467, 119
Trd, 086023.083, 137
Trd, 086023.600, 125
Trd, 086023.683, 117
Trd, 086024.150, 116
Trd, 086024.383, 135
Trd, 086024.467, 140
Trd, 086024.767, 134
Trd, 086024.917, 128
Trd, 086024.933, 109
Trd, 086025.000, 106
Trd, 086025.300, 138
Trd, 086025.417, 137
Trd, 086025.500, 118
Trd, 086025.783, 127
Trd, 086026.350, 119
Trd, 086026.633, 122
Trd, 086026.800, 124
Trd, 086026.850, 123
Trd, 086027.233, 119
Trd, 086027.950, 124
Trd, 086028.083, 122
Trd, 086028.117, 113
Trd, 086028.417, 120
Trd, 086028.600, 119
Trd, 086028.800, 118
Trd, 086029.100, 120
Trd, 086029.250, 129
Trd, 086029.283, 115
Trd, 086029.433, 126
Trd, 086029.567, 130
Trd, 086029.583, 105
Trd, 086029.650, 101
Trd, 086029.733, 95
Trd, 086029.750, 119
Trd, 086029.900, 89
Trd, 086030.150, 89
Trd, 086030.267, 130
Trd, 086030.317, 89
Trd, 086030.683, 137
Trd, 086031.133, 137
Trd, 086031.150, 136
Trd, 086031.317, 111
Trd, 086031.400, 104
Trd, 086031.517, 111
Trd, 086031.567, 132
Trd, 086031.617, 104
Trd, 086033.133, 120
Trd, 086033.233, 119
Trd, 086033.550, 121
Trd, 086033.717, 120
Trd, 086033.800, 111
Trd, 086034.083, 92
Trd, 086034.433, 105
Trd, 086034.967, 106
Trd, 086035.083, 108
Trd, 086035.133, 95
Trd, 086035.367, 103
Trd, 086035.683, 131
Trd, 086035.833, 131
Trd, 086035.967, 130
Trd, 086036.133, 129
Trd, 086036.750, 140
Trd, 086036.983, 129
Trd, 086037.283, 108
Trd, 086037.433, 115
Trd, 086037.583, 108
Trd, 086037.667, 107
Trd, 086037.850, 106
Trd, 086038.367, 139
Trd, 086038.433, 138
Trd, 086039.017, 138
Trd, 086039.067, 137
Trd, 086039.167, 137
Trd, 086039.317, 129
Trd, 086039.433, 122
Trd, 086039.450, 119
Trd, 086039.700, 122
Trd, 086039.817, 108
Trd, 086039.900, 105
Trd, 086040.033, 130
Trd, 086040.433, 127
Trd, 086040.600, 106
Trd, 086041.150, 102
Trd, 086041.450, 101
Trd, 086041.767, 131
Trd, 086042.117, 108
Trd, 086042.233, 139
Trd, 086042.250, 134
Trd, 086042.350, 127
Trd, 086042.633, 111
Trd, 086042.900, 110
Trd, 086043.000, 99
Trd, 086043.167, 99
Trd, 086043.283, 128
Trd, 086043.300, 96
Trd, 086043.383, 96
Trd, 086043.817, 95
Trd, 086044.017, 94
Trd, 086044.217, 99
Trd, 086045.333, 129
Trd, 086045.417, 132
Trd, 086045.767, 120
Trd, 086046.100, 114
Trd, 086046.933, 129
Trd, 086047.067, 128
Trd, 086047.150, 118
Trd, 086047.167, 117
Trd, 086047.300, 116
Trd, 086047.750, 114
Trd, 086047.983, 139
Trd, 086048.350, 133
Trd, 086048.467, 103
Trd, 086048.717, 136
Trd, 086049.033, 127
Trd, 086049.167, 119
Trd, 086049.283, 118
Trd, 086049.683, 120
Trd, 086049.817, 119
Trd, 086050.050, 133
Trd, 086050.150, 113
Trd, 086050.283, 108
Trd, 086050.450, 134
Trd, 086050.917, 140
Trd, 086050.950, 137
Trd, 086051.217, 128
Trd, 086051.550, 128
Trd, 086051.700, 136
Trd, 086051.733, 122
Trd, 086051.767, 118
Trd, 086051.783, 116
Trd, 086052.250, 113
Trd, 086052.517, 106
Trd, 086052.583, 101
Trd, 086052.817, 102
Trd, 086053.083, 137
Trd, 086053.183, 117
Trd, 086053.617, 139
Trd, 086054.200, 137
Trd, 086054.217, 136
Trd, 086054.733, 129
Trd, 086055.067, 140
Trd, 086055.217, 129
Trd, 086055.367, 128
Trd, 086055.433, 127
Trd, 086055.450, 127
Trd, 086055.950, 140
Trd, 086055.967, 133
Trd, 086056.033, 132
Trd, 086056.200, 129
Trd, 086056.517, 127
Trd, 086056.983, 123
Trd, 086057.483, 137
Trd, 086057.900, 132
Trd, 086058.250, 134
Trd, 086058.283, 133
Trd, 086058.383, 129
Trd, 086058.467, 124
Trd, 086058.733, 128
Trd, 086058.750, 126
Trd, 086059.167, 121
Trd, 086059.233, 112
Trd, 086060.367, 122
Trd, 086060.500, 120
Trd, 086060.633, 128
Trd, 086060.833, 119
Trd, 086061.000, 113
Trd, 086061.167, 113
Trd, 086061.367, 114
Trd, 086061.417, 111
Trd, 086061.983, 137
Trd, 086062.333, 117
Trd, 086063.000, 130
Trd, 086063.050, 128
Trd, 086063.317, 132
Trd, 086063.333, 131
Trd, 086063.550, 139
Trd, 086063.567, 127
Trd, 086063.767, 126
Trd, 086064.117, 126
Trd, 086064.217, 120
Trd, 086064.350, 120
Trd, 086064.533, 119
Trd, 086064.700, 138
Trd, 086064.867, 117
Trd, 086064.967, 118
Trd, 086065.500, 126
Trd, 086065.517, 127
Trd, 086065.600, 118
Trd, 086065.650, 117
Trd, 086066.100, 116
Trd, 086066.117, 118
Trd, 086066.367, 118
Trd, 086066.400, 117
Trd, 086066.833, 109
Trd, 086066.867, 105
Trd, 086066.967, 97
Trd, 086067.200, 95
Trd, 086067.850, 124
Trd, 086067.900, 120
Trd, 086068.417, 115
Trd, 086068.617, 113
Trd, 086068.750, 107
Trd, 086068.917, 139
Trd, 086069.583, 122
Trd, 086069.617, 122
Trd, 086069.733, 121
Trd, 086070.183, 134
Trd, 086070.217, 122
Trd, 086070.267, 116
Trd, 086070.350, 109
Trd, 086070.383, 103
Trd, 086071.317, 140
Trd, 086071.400, 129
Trd, 086071.417, 128
Trd, 086071.517, 125
Trd, 086071.550, 122
Trd, 086071.783, 119
Trd, 086071.833, 117
Trd, 086071.867, 113
Trd, 086072.333, 123
Trd, 086072.633, 99
Trd, 086072.683, 98
Trd, 086073.000, 122
Trd, 086073.083, 114
Trd, 086073.483, 130
Trd, 086073.833, 130
Trd, 086073.883, 129
Trd, 086074.283, 130
Trd, 086074.650, 140
Trd, 086075.000, 140
Trd, 086075.017, 140
Trd, 086075.033, 140
Trd, 086075.200, 119
Trd, 086075.900, 121
Trd, 086076.267, 128
Trd, 086076.400, 127
Trd, 086076.850, 124
Trd, 086076.967, 118
Trd, 086077.583, 119
Trd, 086077.667, 126
Trd, 086077.833, 114
Trd, 086077.883, 116
Trd, 086077.917, 114
Trd, 086078.133, 112
Trd, 086078.183, 111
Trd, 086078.417, 106
Trd, 086078.550, 99
Trd, 086078.633, 95
Trd, 086078.767, 72
Trd, 086079.100, 62
Trd, 086079.400, 86
Trd, 086079.967, 61
Trd, 086080.017, 68
Trd, 086080.300, 126
Trd, 086080.700, 130
Trd, 086080.850, 111
Trd, 086081.433, 122
Trd, 086081.483, 123
Trd, 086081.700, 115
Trd, 086081.783, 114
Trd, 086082.117, 131
Trd, 086082.367, 133
Trd, 086082.450, 126
Trd, 086082.800, 111
Trd, 086082.883, 111
Trd, 086082.900, 109
Trd, 086082.933, 105
Trd, 086083.833, 128
Trd, 086084.117, 123
Trd, 086084.333, 122
Trd, 086084.367, 110
Trd, 086084.467, 102
Trd, 086084.517, 98
Trd, 086084.600, 95
Trd, 086084.700, 137
Trd, 086085.183, 140
Trd, 086085.550, 131
Trd, 086086.267, 133
Trd, 086086.383, 131
Trd, 086086.400, 130
Trd, 086086.417, 123
Trd, 086086.717, 138
Trd, 086086.767, 125
Trd, 086086.917, 130
Trd, 086087.217, 140
Trd, 086087.300, 139
Trd, 086087.500, 125
Trd, 086087.733, 127
Trd, 086088.000, 113
Trd, 086088.267, 126
Trd, 086088.583, 113
Trd, 086088.817, 121
Trd, 086089.233, 127
Trd, 086089.317, 114
Trd, 086089.400, 113
Trd, 086089.633, 112
Trd, 086090.150, 115
Trd, 086090.200, 111
Trd, 086090.333, 108
Trd, 086090.350, 103
Trd, 086091.317, 131
Trd, 086091.533, 115
Trd, 086092.133, 116
Trd, 086092.550, 136
Trd, 086092.650, 115
Trd, 086092.800, 136
Trd, 086092.883, 110
Trd, 086093.067, 109
Trd, 086093.117, 105
Trd, 086093.333, 115
Trd, 086093.517, 105
Trd, 086093.617, 104
Trd, 086093.783, 109
Trd, 086094.033, 136
Trd, 086094.200, 108
Trd, 086094.267, 93
Trd, 086094.483, 93
Trd, 086094.683, 81
Trd, 086095.517, 140
Trd, 086095.633, 140
Trd, 086095.650, 140
Trd, 086096.367, 140
Trd, 086096.583, 140
Trd, 086096.750, 140
Trd, 086097.100, 135
Trd, 086097.183, 138
Trd, 086097.433, 133
Trd, 086097.500, 121
Trd, 086097.633, 119
Trd, 086097.667, 119
Trd, 086097.700, 117
Trd, 086098.300, 110
Trd, 086098.583, 117
Trd, 086098.717, 117
Trd, 086098.917, 117
Trd, 086099.250, 131
Trd, 086099.433, 129
Trd, 086099.617, 129
Trd, 086099.633, 117
Trd, 086099.917, 109
Trd, 086100.383, 128
Trd, 086100.567, 116
Trd, 086100.917, 115
Trd, 086101.133, 113
Trd, 086101.433, 120
Trd, 086102.117, 119
Trd, 086102.450, 126
Trd, 086102.533, 125
Trd, 086102.550, 118
Trd, 086102.567, 116
Trd, 086102.583, 132
Trd, 086102.617, 112
Trd, 086103.467, 135
Trd, 086103.517, 130
Trd, 086103.850, 129
Trd, 086104.417, 139
Trd, 086104.800, 122
Trd, 086104.950, 131
Trd, 086105.050, 121
Trd, 086105.417, 116
Trd, 086106.067, 115
Trd, 086106.800, 106
Trd, 086106.933, 113
Trd, 086107.017, 112
Trd, 086107.200, 121
Trd, 086107.267, 101
Trd, 086107.417, 122
Trd, 086107.850, 140
Trd, 086107.950, 140
Trd, 086108.050, 140
Trd, 086108.700, 123
Trd, 086109.017, 122
Trd, 086109.100, 110
Trd, 086109.183, 109
Trd, 086109.200, 125
Trd, 086109.383, 108
Trd, 086109.400, 106
Trd, 086109.483, 116
Trd, 086109.500, 126
Trd, 086109.650, 101
Trd, 086110.083, 140
Trd, 086110.200, 140
Trd, 086110.533, 138
Trd, 086111.150, 123
Trd, 086111.250, 101
Trd, 086111.350, 90
Trd, 086112.100, 119
Trd, 086112.217, 93
Trd, 086112.550, 86
Trd, 086112.783, 105
Trd, 086113.133, 106
Trd, 086113.583, 106
Trd, 086113.633, 113
Trd, 086113.750, 105
Trd, 086113.817, 114
Trd, 086114.317, 108
Trd, 086114.367, 106
Trd, 086114.700, 130
Trd, 086115.000, 129
Trd, 086115.217, 128
Trd, 086115.250, 140
Trd, 086115.417, 132
Trd, 086115.950, 136
Trd, 086116.183, 135
Trd, 086116.250, 134
Trd, 086116.433, 131
Trd, 086116.450, 125
Trd, 086116.483, 123
Trd, 086116.750, 130
Trd, 086116.783, 129
Trd, 086116.867, 122
Trd, 086117.067, 135
Trd, 086117.200, 109
Trd, 086117.300, 140
Trd, 086117.317, 124
Trd, 086117.717, 106
Trd, 086117.883, 105
Trd, 086118.050, 104
Trd, 086118.150, 137
Trd, 086118.250, 99
Trd, 086118.350, 84
Trd, 086118.433, 80
Trd, 086118.450, 98
Trd, 086118.633, 70
Trd, 086118.733, 89
Trd, 086119.583, 117
Trd, 086119.967, 114
Trd, 086120.200, 110
Trd, 086120.350, 118
Trd, 086120.567, 111
Trd, 086120.683, 97
Trd, 086120.700, 93
Trd, 086120.733, 88
Trd, 086121.017, 87
Trd, 086121.067, 79
Trd, 086121.100, 100
Trd, 086121.250, 78
Trd, 086121.983, 127
Trd, 086122.250, 118
Trd, 086122.850, 128
Trd, 086122.867, 127
Trd, 086123.167, 137
Trd, 086123.500, 125
Trd, 086123.783, 140
Trd, 086124.117, 139
Trd, 086124.483, 139
Trd, 086124.867, 133
Trd, 086124.967, 132
Trd, 086125.083, 131
Trd, 086125.250, 128
Trd, 086125.300, 118
Trd, 086126.033, 115
Trd, 086126.117, 109
Trd, 086126.367, 115
Trd, 086126.783, 115
Trd, 086126.933, 114
Trd, 086127.017, 137
Trd, 086127.550, 127
Trd, 086127.867, 126
Trd, 086128.383, 126
Trd, 086128.550, 127
Trd, 086128.983, 130
Trd, 086129.017, 126
Trd, 086129.150, 114
Trd, 086129.267, 111
Trd, 086129.583, 128
Trd, 086129.650, 109
Trd, 086129.900, 108
Trd, 086129.950, 98
Trd, 086130.000, 96
Trd, 086130.100, 90
Trd, 086130.317, 129
Trd, 086130.467, 130
Trd, 086130.533, 119
Trd, 086130.733, 109
Trd, 086130.783, 108
Trd, 086131.633, 130
Trd, 086131.817, 120
Trd, 086131.933, 119
Trd, 086132.433, 127
Trd, 086132.717, 118
Trd, 086132.767, 98
Trd, 086132.867, 121
Trd, 086133.167, 139
Trd, 086133.300, 94
Trd, 086133.367, 92
Trd, 086133.600, 129
Trd, 086133.667, 95
Trd, 086134.533, 106
Trd, 086134.967, 137
Trd, 086135.000, 120
Trd, 086135.317, 121
Trd, 086135.467, 129
Trd, 086135.500, 120
Trd, 086135.533, 105
Trd, 086135.617, 109
Trd, 086135.717, 101
Trd, 086136.150, 94
Trd, 086136.350, 96
Trd, 086136.433, 98
Trd, 086136.500, 94
Trd, 086136.617, 102
Trd, 086137.083, 110
Trd, 086137.150, 106
Trd, 086137.383, 94
Trd, 086137.550, 95
Trd, 086137.800, 86
Trd, 086138.317, 84
Trd, 086138.350, 114
Trd, 086138.517, 81
Trd, 086139.167, 139
Trd, 086139.250, 126
Trd, 086139.317, 119
Trd, 086139.933, 111
Trd, 086140.017, 110
Trd, 086140.050, 107
Trd, 086140.200, 103
Trd, 086140.400, 121
Trd, 086140.867, 85
Trd, 086140.900, 84
Trd, 086141.200, 79
Trd, 086141.250, 79
Trd, 086141.283, 80
Trd, 086141.517, 134
Trd, 086141.617, 117
Trd, 086141.950, 78
Trd, 086142.250, 100
Trd, 086142.700, 103
Trd, 086142.817, 134
Trd, 086143.017, 97
Trd, 086143.533, 115
Trd, 086143.550, 128
Trd, 086143.983, 140
Trd, 086144.233, 140
Trd, 086144.300, 140
Trd, 086144.483, 140
Trd, 086144.833, 140
Trd, 086145.150, 131
Trd, 086145.283, 117
Trd, 086145.433, 112
Trd, 086145.550, 110
Trd, 086146.183, 106
Trd, 086146.233, 106
Trd, 086146.517, 110
Trd, 086146.633, 140
Trd, 086146.783, 140
Trd, 086147.067, 119
Trd, 086147.183, 128
Trd, 086147.550, 137
Trd, 086147.567, 114
Trd, 086147.800, 83
Trd, 086148.017, 68
Trd, 086148.067, 138
Trd, 086148.983, 89
Trd, 086149.050, 89
Trd, 086149.283, 78
Trd, 086149.633, 91
Trd, 086149.850, 112
Trd, 086150.233, 99
Trd, 086150.350, 100
Trd, 086150.450, 111
Trd, 086150.950, 102
Trd, 086151.000, 101
Trd, 086151.150, 100
Trd, 086151.817, 118
Trd, 086152.017, 114
Trd, 086152.283, 130
Trd, 086152.417, 130
Trd, 086152.650, 116
Trd, 086152.667, 102
Trd, 086153.233, 140
Trd, 086153.400, 129
Trd, 086153.433, 128
Trd, 086153.517, 118
Trd, 086153.867, 107
Trd, 086154.067, 133
Trd, 086154.333, 139
Trd, 086154.550, 126
Trd, 086154.833, 138
Trd, 086154.950, 137
Trd, 086155.100, 136
Trd, 086155.233, 129
Trd, 086155.300, 122
Trd, 086155.317, 116
Trd, 086155.583, 119
Trd, 086155.783, 137
Trd, 086155.883, 118
Trd, 086156.000, 117
Trd, 086156.517, 101
Trd, 086156.600, 87
Trd, 086156.617, 75
Trd, 086156.700, 122
Trd, 086157.117, 122
Trd, 086157.550, 99
Trd, 086157.817, 88
Trd, 086157.850, 109
Trd, 086158.533, 94
Trd, 086159.067, 95
Trd, 086159.400, 134
Trd, 086159.433, 111
Trd, 086159.800, 131
Trd, 086159.983, 125
Trd, 086160.350, 129
Trd, 086160.583, 131
Trd, 086160.600, 129
Trd, 086161.017, 125
Trd, 086161.517, 125
Trd, 086161.567, 124
Trd, 086161.717, 136
Trd, 086161.833, 125
Trd, 086162.300, 129
Trd, 086162.333, 134
Trd, 086162.650, 119
Trd, 086163.000, 139
Trd, 086163.650, 121
Trd, 086163.967, 123
Trd, 086164.217, 122
Trd, 086164.317, 122
Trd, 086164.483, 140
Trd, 086164.617, 119
Trd, 086164.767, 121
Trd, 086164.900, 140
Trd, 086165.183, 139
Trd, 086165.283, 131
Trd, 086165.350, 110
Trd, 086165.500, 139
Trd, 086165.783, 102
Trd, 086165.917, 103
Trd, 086166.133, 140
Trd, 086166.550, 122
Trd, 086166.650, 121
Trd, 086166.683, 120
Trd, 086166.933, 106
Trd, 086166.950, 104
Trd, 086167.267, 111
Trd, 086167.400, 112
Trd, 086167.517, 109
Trd, 086167.700, 108
Trd, 086167.783, 107
Trd, 086168.333, 121
Trd, 086168.750, 101
Trd, 086168.867, 139
Trd, 086169.200, 109
Trd, 086169.417, 127
Trd, 086169.467, 105
Trd, 086169.733, 113
Trd, 086169.867, 112
Trd, 086170.017, 102
Trd, 086170.133, 114
Trd, 086170.417, 127
Trd, 086170.700, 118
Trd, 086170.983, 93
Trd, 086171.383, 113
Trd, 086172.117, 134
Trd, 086172.183, 99
Trd, 086172.367, 135
Trd, 086172.583, 130
Trd, 086172.600, 117
Trd, 086172.633, 101
Trd, 086173.150, 123
Trd, 086173.383, 123
Trd, 086173.650, 122
Trd, 086174.133, 137
Trd, 086174.467, 131
Trd, 086174.867, 132
Trd, 086175.267, 133
Trd, 086175.400, 132
Trd, 086175.467, 131
Trd, 086175.800, 125
Trd, 086175.817, 124
Trd, 086175.850, 112
Trd, 086175.867, 136
Trd, 086175.933, 108
Trd, 086176.567, 137
Trd, 086176.783, 136
Trd, 086177.467, 129
Trd, 086178.000, 129
Trd, 086178.033, 123
Trd, 086178.350, 130
Trd, 086178.433, 126
Trd, 086179.050, 120
Trd, 086179.417, 132
Trd, 086179.450, 131
Trd, 086179.467, 131
Trd, 086179.650, 133
Trd, 086179.850, 131
Trd, 086180.000, 130
Trd, 086180.150, 114
Trd, 086180.267, 129
Trd, 086180.283, 128
Trd, 086180.583, 132
Trd, 086180.617, 135
Trd, 086180.750, 132
Trd, 086180.783, 131
Trd, 086181.017, 140
Trd, 086181.317, 100
Trd, 086181.867, 93
Trd, 086181.883, 91
Trd, 086181.933, 107
Trd, 086182.117, 101
Trd, 086182.233, 90
Trd, 086182.400, 103
Trd, 086182.533, 121
Trd, 086182.550, 95
Trd, 086182.967, 131
Trd, 086183.150, 96
Trd, 086183.233, 95
Trd, 086183.633, 105
Trd, 086185.017, 127
Trd, 086185.200, 126
Trd, 086185.400, 125
Trd, 086185.483, 135
Trd, 086185.633, 120
Trd, 086185.683, 113
Trd, 086185.883, 120
Trd, 086185.933, 106
Trd, 086186.217, 140
Trd, 086186.483, 133
Trd, 086186.500, 128
Trd, 086187.100, 133
Trd, 086187.400, 135
Trd, 086187.883, 131
Trd, 086187.900, 125
Trd, 086188.183, 129
Trd, 086188.200, 116
Trd, 086188.917, 107
Trd, 086189.333, 135
Trd, 086189.533, 118
Trd, 086189.733, 114
Trd, 086190.117, 108
Trd, 086190.417, 108
Trd, 086190.617, 105
Trd, 086190.950, 117
Trd, 086191.100, 120
Trd, 086191.850, 122
Trd, 086191.917, 121
Trd, 086191.983, 118
Trd, 086192.250, 119
Trd, 086192.300, 118
Trd, 086192.333, 117
Trd, 086192.383, 112
Trd, 086192.467, 140
Trd, 086192.550, 108
Trd, 086193.033, 100
Trd, 086193.483, 107
Trd, 086194.317, 113
Trd, 086194.567, 120
Trd, 086194.800, 126
Trd, 086195.033, 109
Trd, 086195.067, 108
Trd, 086195.517, 140
Trd, 086195.817, 140
Trd, 086196.200, 132
Trd, 086196.450, 131
Trd, 086196.533, 130
Trd, 086196.550, 129
Trd, 086196.600, 126
Trd, 086196.717, 125
Trd, 086196.883, 124
Trd, 086197.017, 122
Trd, 086197.050, 116
Trd, 086197.083, 115
Trd, 086197.167, 136
Trd, 086197.267, 106
Trd, 086197.767, 103
Trd, 086198.433, 107
Trd, 086198.617, 95
Trd, 086198.750, 129
Trd, 086198.867, 94
Trd, 086199.517, 92
Trd, 086199.667, 133
Trd, 086199.817, 120
Trd, 086200.033, 108
Trd, 086200.050, 104
Trd, 086200.133, 103
Trd, 086200.267, 117
Trd, 086200.767, 120
Trd, 086201.133, 121
Trd, 086201.567, 137
Trd, 086201.650, 124
Trd, 086201.933, 123
Trd, 086202.183, 124
Trd, 086202.283, 123
Trd, 086202.483, 127
Trd, 086202.583, 118
Trd, 086202.733, 124
Trd, 086203.050, 120
Trd, 086203.100, 106
Trd, 086203.333, 104
Trd, 086203.367, 128
Trd, 086203.767, 132
Trd, 086204.050, 110
Trd, 086204.217, 110
Trd, 086204.300, 103
Trd, 086204.700, 103
Trd, 086204.833, 99
Trd, 086205.000, 111
Trd, 086205.050, 81
Trd, 086205.133, 93
Trd, 086205.583, 113
Trd, 086205.850, 100
Trd, 086205.950, 99
Trd, 086206.033, 83
Trd, 086206.083, 82
Trd, 086206.333, 91
Trd, 086206.600, 116
Trd, 086207.383, 133
Trd, 086207.617, 115
Trd, 086208.367, 117
Trd, 086208.967, 121
Trd, 086209.067, 120
Trd, 086209.133, 119
Trd, 086209.400, 120
Trd, 086209.467, 121
Trd, 086210.017, 126
Trd, 086210.183, 138
Trd, 086210.250, 130
Trd, 086210.317, 109
Trd, 086210.650, 135
Trd, 086210.683, 112
Trd, 086210.717, 111
Trd, 086210.867, 117
Trd, 086211.050, 112
Trd, 086211.317, 111
Trd, 086211.617, 109
Trd, 086211.983, 109
Trd, 086212.267, 133
Trd, 086212.300, 117
Trd, 086212.400, 107
Trd, 086212.567, 119
Trd, 086212.650, 106
Trd, 086212.983, 123
Trd, 086213.750, 129
Trd, 086213.817, 123
Trd, 086213.883, 118
Trd, 086214.017, 116
Trd, 086214.983, 124
Trd, 086215.350, 125
Trd, 086215.433, 124
Trd, 086215.450, 128
Trd, 086215.717, 110
Trd, 086215.900, 107
Trd, 086216.417, 136
Trd, 086216.450, 135
Trd, 086216.517, 134
Trd, 086216.567, 121
Trd, 086217.333, 113
Trd, 086217.433, 122
Trd, 086217.650, 121
Trd, 086217.667, 116
Trd, 086217.850, 116
Trd, 086217.933, 129
Trd, 086218.133, 132
Trd, 086218.417, 128
Trd, 086218.700, 127
Trd, 086219.217, 132
Trd, 086219.367, 132
Trd, 086219.733, 140
Trd, 086220.033, 138
Trd, 086220.267, 131
Trd, 086220.283, 130
Trd, 086220.467, 131
Trd, 086220.517, 126
Trd, 086220.950, 126
Trd, 086221.067, 122
Trd, 086221.150, 110
Trd, 086221.217, 109
Trd, 086221.250, 130
Trd, 086221.617, 131
Trd, 086221.933, 113
Trd, 086222.200, 109
Trd, 086222.283, 68
Trd, 086222.600, 131
Trd, 086222.767, 92
Trd, 086223.100, 88
Trd, 086223.167, 96
Trd, 086223.283, 85
Trd, 086223.483, 135
Trd, 086223.583, 117
Trd, 086223.633, 116
Trd, 086223.717, 88
Trd, 086224.333, 120
Trd, 086224.500, 132
Trd, 086225.000, 110
Trd, 086225.083, 111
Trd, 086225.383, 103
Trd, 086225.517, 102
Trd, 086225.850, 87
Trd, 086225.900, 108
Trd, 086226.200, 107
Trd, 086226.333, 108
Trd, 086226.500, 72
Trd, 086226.750, 109
Trd, 086226.883, 110
Trd, 086227.017, 114
Trd, 086227.417, 122
Trd, 086227.517, 120
Trd, 086227.700, 121
Trd, 086227.983, 121
Trd, 086228.283, 125
Trd, 086228.550, 120
Trd, 086228.850, 86
Trd, 086229.150, 140
Trd, 086229.350, 124
Trd, 086229.633, 103
Trd, 086229.667, 105
Trd, 086229.933, 126
Trd, 086229.967, 112
Trd, 086230.533, 138
Trd, 086230.633, 134
Trd, 086230.933, 135
Trd, 086231.000, 133
Trd, 086231.167, 132
Trd, 086231.217, 130
Trd, 086231.233, 119
Trd, 086231.600, 113
Trd, 086231.750, 107
Trd, 086232.017, 130
Trd, 086232.233, 87
Trd, 086232.667, 98
Trd, 086232.783, 116
Trd, 086232.900, 139
Trd, 086232.933, 96
Trd, 086233.067, 95
Trd, 086233.250, 96
Trd, 086233.717, 117
Trd, 086233.733, 100
Trd, 086234.100, 136
Trd, 086234.250, 129
Trd, 086234.317, 128
Trd, 086234.900, 125
Trd, 086235.017, 114
Trd, 086235.133, 114
Trd, 086235.233, 114
Trd, 086235.267, 108
Trd, 086235.650, 109
Trd, 086235.767, 112
Trd, 086236.217, 111
Trd, 086236.233, 107
Trd, 086236.750, 75
Trd, 086237.117, 61
Trd, 086237.267, 62
Trd, 086237.517, 62
Trd, 086237.717, 81
Trd, 086237.900, 91
Trd, 086237.967, 97
Trd, 086238.433, 83
Trd, 086238.733, 103
Trd, 086239.000, 108
Trd, 086239.100, 93
Trd, 086239.167, 85
Trd, 086239.700, 86
Trd, 086239.783, 112
Trd, 086239.817, 114
Trd, 086240.317, 105
Trd, 086240.650, 137
Trd, 086240.783, 126
Trd, 086240.883, 132
Trd, 086240.967, 125
Trd, 086241.117, 124
Trd, 086241.217, 120
Trd, 086241.433, 113
Trd, 086241.767, 133
Trd, 086242.317, 132
Trd, 086242.450, 115
Trd, 086242.650, 106
Trd, 086242.700, 102
Trd, 086242.717, 97
Trd, 086242.783, 94
Trd, 086243.067, 82
Trd, 086243.317, 111
Trd, 086243.700, 110
Trd, 086243.867, 110
Trd, 086243.917, 111
Trd, 086244.517, 107
Trd, 086244.550, 103
Trd, 086244.583, 100
Trd, 086244.717, 98
Trd, 086245.133, 99
Trd, 086245.250, 113
Trd, 086245.300, 78
Trd, 086245.517, 117
Trd, 086246.133, 91
Trd, 086246.783, 127
Trd, 086246.983, 132
Trd, 086247.217, 115
Trd, 086247.233, 137
Trd, 086247.467, 138
Trd, 086247.617, 137
Trd, 086248.033, 139
Trd, 086248.333, 139
Trd, 086248.450, 138
Trd, 086248.850, 137
Trd, 086248.983, 131
Trd, 086249.267, 122
Trd, 086249.300, 117
Trd, 086249.617, 126
Trd, 086249.867, 133
Trd, 086250.217, 138
Trd, 086250.267, 140
Trd, 086250.550, 140
Trd, 086250.567, 139
Trd, 086250.667, 130
Trd, 086250.800, 120
Trd, 086250.917, 119
Trd, 086251.033, 126
Trd, 086251.583, 119
Trd, 086251.967, 118
Trd, 086252.050, 116
Trd, 086252.250, 112
Trd, 086252.800, 139
Trd, 086252.950, 125
Trd, 086253.000, 123
Trd, 086253.033, 122
Trd, 086253.167, 116
Trd, 086253.367, 129
Trd, 086254.250, 113
Trd, 086254.283, 133
Trd, 086254.600, 132
Trd, 086255.117, 120
Trd, 086255.267, 133
Trd, 086255.350, 125
Trd, 086255.717, 120
Trd, 086256.150, 122
Trd, 086256.233, 121
Trd, 086257.000, 134
Trd, 086257.167, 132
Trd, 086257.233, 130
Trd, 086257.300, 129
Trd, 086257.317, 127
Trd, 086257.917, 140
Trd, 086258.133, 140
Trd, 086258.200, 131
Trd, 086258.233, 130
Trd, 086258.667, 125
Trd, 086259.483, 126
Trd, 086259.667, 134
Trd, 086259.733, 112
Trd, 086260.083, 128
Trd, 086260.317, 128
Trd, 086260.383, 127
Trd, 086260.450, 133
Trd, 086260.500, 126
Trd, 086260.800, 124
Trd, 086260.883, 118
Trd, 086261.217, 140
Trd, 086261.383, 140
Trd, 086261.483, 140
Trd, 086261.850, 140
Trd, 086261.867, 139
Trd, 086261.967, 132
Trd, 086262.067, 131
Trd, 086262.133, 120
Trd, 086262.567, 140
Trd, 086262.783, 124
Trd, 086263.150, 123
Trd, 086263.167, 107
Trd, 086263.967, 121
Trd, 086264.067, 123
Trd, 086264.100, 121
Trd, 086264.267, 120
Trd, 086264.500, 114
Trd, 086264.583, 110
Trd, 086264.600, 124
Trd, 086265.333, 99
Trd, 086265.350, 101
Trd, 086266.050, 114
Trd, 086266.583, 115
Trd, 086266.700, 101
Trd, 086266.867, 111
Trd, 086267.050, 100
Trd, 086267.583, 130
Trd, 086267.683, 112
Trd, 086267.717, 109
Trd, 086268.067, 111
Trd, 086268.633, 138
Trd, 086269.383, 140
Trd, 086269.450, 140
Trd, 086269.567, 138
Trd, 086269.833, 140
Trd, 086270.017, 140
Trd, 086270.383, 133
Trd, 086270.483, 131
Trd, 086270.550, 130
Trd, 086270.767, 129
Trd, 086270.933, 128
Trd, 086271.100, 121
Trd, 086271.233, 135
Trd, 086271.450, 128
Trd, 086271.567, 127
Trd, 086272.000, 138
Trd, 086272.267, 138
Trd, 086272.517, 139
Trd, 086272.883, 139
Trd, 086273.100, 140
Trd, 086273.350, 139
Trd, 086273.433, 139
Trd, 086273.583, 123
Trd, 086273.783, 118
Trd, 086273.850, 113
Trd, 086274.033, 108
Trd, 086274.283, 107
Trd, 086274.600, 121
Trd, 086274.967, 115
Trd, 086275.017, 103
Trd, 086275.083, 123
Trd, 086275.350, 110
Trd, 086275.817, 134
Trd, 086275.883, 121
Trd, 086276.367, 111
Trd, 086276.583, 105
Trd, 086276.700, 87
Trd, 086276.767, 116
Trd, 086276.900, 134
Trd, 086277.117, 114
Trd, 086277.167, 104
Trd, 086277.467, 125
Trd, 086277.583, 90
Trd, 086277.950, 102
Trd, 086278.183, 97
Trd, 086278.883, 105
Trd, 086279.583, 132
Trd, 086279.617, 116
Trd, 086279.950, 135
Trd, 086279.983, 111
Trd, 086280.267, 140
Trd, 086280.317, 139
Trd, 086280.650, 138
Trd, 086280.733, 139
Trd, 086280.933, 138
Trd, 086281.217, 134
Trd, 086281.383, 126
Trd, 086282.083, 118
Trd, 086282.117, 130
Trd, 086282.167, 116
Trd, 086282.383, 106
Trd, 086283.400, 105
Trd, 086283.433, 101
Trd, 086283.483, 116
Trd, 086283.683, 138
Trd, 086283.800, 100
Trd, 086284.000, 98
Trd, 086284.383, 138
Trd, 086285.083, 140
Trd, 086285.217, 139
Trd, 086285.283, 138
Trd, 086285.383, 137
Trd, 086285.900, 136
Trd, 086286.217, 138
Trd, 086286.400, 137
Trd, 086286.517, 137
Trd, 086286.667, 135
Trd, 086286.767, 135
Trd, 086287.083, 134
Trd, 086287.217, 120
Trd, 086288.383, 109
Trd, 086288.700, 125
Trd, 086288.817, 107
Trd, 086288.933, 108
Trd, 086289.167, 124
Trd, 086289.567, 116
Trd, 086289.717, 126
Trd, 086289.767, 115
Trd, 086289.917, 119
Trd, 086289.933, 110
Trd, 086289.983, 110
Trd, 086290.117, 109
Trd, 086290.300, 124
Trd, 086290.483, 126
Trd, 086290.600, 125
Trd, 086290.650, 120
Trd, 086290.667, 116
Trd, 086291.133, 122
Trd, 086291.400, 112
Trd, 086291.600, 130
Trd, 086291.817, 109
Trd, 086291.917, 139
Trd, 086291.983, 135
Trd, 086292.117, 133
Trd, 086293.217, 111
Trd, 086293.350, 114
Trd, 086293.467, 118
Trd, 086293.583, 107
Trd, 086293.683, 134
Trd, 086294.267, 128
Trd, 086294.367, 127
Trd, 086294.550, 99
Trd, 086294.567, 99
Trd, 086294.883, 111
Trd, 086294.917, 116
Trd, 086294.983, 110
Trd, 086295.150, 103
Trd, 086295.367, 97
Trd, 086295.400, 96
Trd, 086295.417, 94
Trd, 086295.867, 113
Trd, 086296.167, 112
Trd, 086296.450, 111
Trd, 086296.750, 102
Trd, 086297.233, 127
Trd, 086297.333, 139
Trd, 086298.033, 138
Trd, 086298.450, 137
Trd, 086298.817, 133
Trd, 086299.000, 132
Trd, 086299.217, 140
Trd, 086299.283, 139
Trd, 086299.367, 133
Trd, 086299.900, 136
Trd, 086300.167, 132
Trd, 086300.200, 121
Trd, 086300.583, 135
Trd, 086300.833, 134
Trd, 086300.983, 120
Trd, 086301.100, 118
Trd, 086301.350, 114
Trd, 086301.600, 116
Trd, 086301.650, 101
Trd, 086301.683, 99
Trd, 086302.033, 102
Trd, 086302.117, 101
Trd, 086302.333, 94
Trd, 086302.350, 95
Trd, 086302.633, 136
Trd, 086302.833, 136
Trd, 086302.867, 127
Trd, 086304.267, 127
Trd, 086304.367, 126
Trd, 086304.417, 125
Trd, 086304.517, 115
Trd, 086304.650, 140
Trd, 086305.217, 107
Trd, 086305.450, 106
Trd, 086305.583, 140
Trd, 086305.683, 105
Trd, 086305.733, 101
Trd, 086306.183, 135
Trd, 086306.533, 135
Trd, 086306.817, 130
Trd, 086306.900, 131
Trd, 086307.000, 126
Trd, 086307.200, 111
Trd, 086307.517, 124
Trd, 086307.617, 123
Trd, 086307.800, 112
Trd, 086307.867, 105
Trd, 086307.967, 103
Trd, 086308.000, 102
Trd, 086308.167, 107
Trd, 086308.733, 130
Trd, 086308.967, 129
Trd, 086309.500, 115
Trd, 086309.567, 114
Trd, 086309.600, 127
Trd, 086309.617, 113
Trd, 086309.783, 113
Trd, 086310.067, 111
Trd, 086310.200, 105
Trd, 086310.533, 122
Trd, 086310.550, 121
Trd, 086311.100, 104
Trd, 086311.450, 101
Trd, 086311.633, 120
Trd, 086311.750, 96
Trd, 086313.183, 129
Trd, 086313.233, 128
Trd, 086313.783, 119
Trd, 086313.850, 119
Trd, 086313.917, 114
Trd, 086313.967, 110
Trd, 086314.050, 105
Trd, 086314.617, 108
Trd, 086315.033, 110
Trd, 086315.083, 109
Trd, 086315.367, 108
Trd, 086315.467, 120
Trd, 086315.583, 119
Trd, 086315.700, 122
Trd, 086315.783, 118
Trd, 086315.950, 110
Trd, 086316.050, 107
Trd, 086316.100, 98
Trd, 086316.533, 98
Trd, 086316.550, 137
Trd, 086316.767, 140
Trd, 086316.783, 122
Trd, 086317.167, 99
Trd, 086317.250, 97
Trd, 086317.367, 138
Trd, 086317.383, 136
Trd, 086317.583, 97
Trd, 086317.600, 95
Trd, 086318.300, 113
Trd, 086318.483, 118
Trd, 086318.850, 104
Trd, 086319.217, 117
Trd, 086320.083, 131
Trd, 086320.117, 128
Trd, 086320.350, 140
Trd, 086320.367, 139
Trd, 086320.400, 127
Trd, 086320.433, 120
Trd, 086320.517, 119
Trd, 086320.583, 116
Trd, 086320.717, 115
Trd, 086321.200, 114
Trd, 086321.433, 106
Trd, 086322.050, 121
Trd, 086322.400, 137
Trd, 086322.450, 128
Trd, 086322.633, 125
Trd, 086322.867, 107
Trd, 086323.033, 101
Trd, 086323.167, 116
Trd, 086323.250, 109
Trd, 086323.267, 117
Trd, 086323.883, 135
Trd, 086324.233, 136
Trd, 086324.300, 135
Trd, 086324.350, 134
Trd, 086324.383, 133
Trd, 086324.667, 129
Trd, 086325.000, 132
Trd, 086325.033, 125
Trd, 086325.367, 137
Trd, 086325.400, 136
Trd, 086325.733, 121
Trd, 086326.067, 126
Trd, 086326.217, 114
Trd, 086326.250, 113
Trd, 086326.550, 99
Trd, 086326.600, 115
Trd, 086326.817, 99
Trd, 086326.950, 116
Trd, 086327.133, 129
Trd, 086327.550, 137
Trd, 086327.650, 136
Trd, 086327.700, 134
Trd, 086327.800, 129
Trd, 086327.983, 127
Trd, 086328.000, 126
Trd, 086328.367, 123
Trd, 086328.833, 138
Trd, 086328.950, 122
Trd, 086329.250, 115
Trd, 086329.267, 113
Trd, 086330.150, 135
Trd, 086330.483, 123
Trd, 086330.517, 122
Trd, 086330.667, 119
Trd, 086330.733, 113
Trd, 086330.750, 109
Trd, 086330.917, 95
Trd, 086331.300, 132
Trd, 086331.433, 137
Trd, 086331.667, 133
Trd, 086331.950, 133
Trd, 086331.967, 124
Trd, 086332.067, 114
Trd, 086333.167, 107
Trd, 086333.333, 106
Trd, 086333.650, 131
Trd, 086333.833, 139
Trd, 086334.217, 138
Trd, 086334.350, 137
Trd, 086334.800, 124
Trd, 086335.100, 123
Trd, 086335.250, 128
Trd, 086335.700, 124
Trd, 086335.817, 123
Trd, 086335.883, 112
Trd, 086335.917, 136
Trd, 086336.100, 109
Trd, 086336.250, 101
Trd, 086336.317, 96
Trd, 086336.600, 95
Trd, 086336.633, 91
Trd, 086336.717, 88
Trd, 086336.883, 110
Trd, 086337.167, 138
Trd, 086337.200, 131
Trd, 086338.200, 109
Trd, 086338.317, 104
Trd, 086338.467, 136
Trd, 086338.817, 124
Trd, 086338.833, 114
Trd, 086338.883, 113
Trd, 086339.017, 110
Trd, 086339.067, 93
Trd, 086339.350, 128
Trd, 086339.533, 105
Trd, 086339.617, 133
Trd, 086339.867, 123
Trd, 086339.917, 109
Trd, 086340.300, 103
Trd, 086340.317, 98
Trd, 086340.383, 132
Trd, 086340.400, 84
Trd, 086340.567, 75
Trd, 086341.117, 69
Trd, 086341.217, 68
Trd, 086341.717, 71
Trd, 086341.867, 67
Trd, 086342.267, 90
Trd, 086342.567, 121
Trd, 086342.633, 104
Trd, 086342.983, 124
Trd, 086343.217, 103
Trd, 086343.550, 111
Trd, 086343.567, 109
Trd, 086343.583, 100
Trd, 086344.200, 110
Trd, 086344.233, 127
Trd, 086344.400, 124
Trd, 086345.383, 124
Trd, 086345.467, 109
Trd, 086345.633, 109
Trd, 086345.717, 126
Trd, 086345.833, 104
Trd, 086345.983, 128
Trd, 086346.217, 128
Trd, 086346.367, 127
Trd, 086346.433, 105
Trd, 086346.583, 122
Trd, 086347.317, 123
Trd, 086347.483, 122
Trd, 086348.033, 116
Trd, 086348.183, 124
Trd, 086348.233, 117
Trd, 086348.433, 114
Trd, 086348.583, 129
Trd, 086349.083, 123
Trd, 086349.167, 123
Trd, 086349.317, 137
Trd, 086349.350, 122
Trd, 086349.483, 138
Trd, 086349.533, 122
Trd, 086349.733, 121
Trd, 086350.067, 112
Trd, 086350.367, 112
Trd, 086350.683, 112
Trd, 086350.983, 117
Trd, 086351.017, 116
Trd, 086351.033, 111
Trd, 086351.100, 111
Trd, 086351.317, 140
Trd, 086352.150, 127
Trd, 086352.467, 128
Trd, 086352.550, 127
Trd, 086352.600, 135
Trd, 086352.767, 126
Trd, 086353.050, 110
Trd, 086353.533, 105
Trd, 086353.683, 133
Trd, 086354.317, 123
Trd, 086354.500, 123
Trd, 086355.367, 132
Trd, 086355.383, 131
Trd, 086355.500, 130
Trd, 086355.800, 128
Trd, 086355.850, 126
Trd, 086356.067, 133
Trd, 086356.333, 124
Trd, 086356.483, 138
Trd, 086356.650, 139
Trd, 086356.867, 108
Trd, 086357.000, 102
Trd, 086357.050, 97
Trd, 086357.117, 113
Trd, 086357.233, 97
Trd, 086357.400, 86
Trd, 086357.717, 140
Trd, 086357.767, 140
Trd, 086357.833, 138
Trd, 086358.117, 101
Trd, 086358.383, 82
Trd, 086358.550, 98
Trd, 086358.567, 80
Trd, 086359.100, 138
Trd, 086359.333, 135
Trd, 086359.533, 134
Trd, 086359.883, 128
Trd, 086360.517, 127
Trd, 086360.717, 127
Trd, 086360.933, 128
Trd, 086361.167, 127
Trd, 086361.217, 124
Trd, 086361.450, 123
Trd, 086361.467, 122
Trd, 086362.017, 133
Trd, 086362.167, 115
Trd, 086362.200, 134
Trd, 086362.317, 115
Trd, 086362.983, 117
Trd, 086363.133, 131
Trd, 086363.300, 119
Trd, 086363.767, 128
Trd, 086363.933, 126
Trd, 086364.367, 115
Trd, 086364.633, 140
Trd, 086365.050, 113
Trd, 086365.133, 132
Trd, 086365.300, 130
Trd, 086365.317, 112
Trd, 086366.267, 126
Trd, 086366.517, 125
Trd, 086366.600, 126
Trd, 086366.667, 125
Trd, 086367.067, 123
Trd, 086367.133, 132
Trd, 086367.183, 105
Trd, 086367.717, 109
Trd, 086367.767, 110
Trd, 086368.067, 113
Trd, 086368.150, 115
Trd, 086368.267, 123
Trd, 086368.317, 116
Trd, 086368.383, 129
Trd, 086368.867, 116
Trd, 086369.367, 134
Trd, 086369.600, 138
Trd, 086369.800, 132
Trd, 086370.000, 132
Trd, 086370.133, 130
Trd, 086370.300, 126
Trd, 086370.650, 134
Trd, 086371.117, 125
Trd, 086371.167, 136
Trd, 086371.850, 125
Trd, 086372.383, 140
Trd, 086372.500, 132
Trd, 086372.517, 130
Trd, 086372.550, 122
Trd, 086372.650, 120
Trd, 086373.283, 129
Trd, 086373.450, 122
Trd, 086373.617, 122
Trd, 086373.633, 121
Trd, 086373.817, 116
Trd, 086374.367, 99
Trd, 086374.883, 98
Trd, 086374.933, 96
Trd, 086374.983, 130
Trd, 086375.183, 103
Trd, 086375.450, 116
Trd, 086375.500, 90
Trd, 086375.517, 88
Trd, 086376.150, 114
Trd, 086376.400, 111
Trd, 086376.533, 121
Trd, 086376.733, 127
Trd, 086377.133, 127
Trd, 086377.667, 114
Trd, 086377.750, 108
Trd, 086377.767, 107
Trd, 086378.283, 122
Trd, 086378.350, 117
Trd, 086378.633, 120
Trd, 086378.717, 119
Trd, 086378.967, 118
Trd, 086379.133, 116
Trd, 086379.350, 111
Trd, 086379.417, 127
Trd, 086379.483, 111
Trd, 086380.017, 134
Trd, 086380.300, 111
Trd, 086380.333, 110
Trd, 086381.083, 134
Trd, 086381.583, 120
Trd, 086381.600, 119
Trd, 086381.767, 121
Trd, 086381.900, 117
Trd, 086382.067, 104
Trd, 086382.267, 103
Trd, 086382.850, 102
Trd, 086382.883, 103
Trd, 086382.917, 122
Trd, 086383.083, 102
Trd, 086383.100, 99
Trd, 086383.183, 127
Trd, 086383.400, 128
Trd, 086383.800, 97
Trd, 086383.950, 133
Trd, 086384.033, 114
Trd, 086384.083, 100
Trd, 086384.217, 117
Trd, 086384.517, 129
Trd, 086384.700, 128
Trd, 086385.250, 127
Trd, 086385.317, 126
Trd, 086385.583, 118
Trd, 086385.733, 129
Trd, 086386.533, 135
Trd, 086386.800, 134
Trd, 086386.833, 127
Trd, 086386.900, 126
Trd, 086386.917, 124
Trd, 086386.983, 108
Trd, 086387.467, 104
Trd, 086387.683, 120
Trd, 086388.033, 102
Trd, 086388.100, 106
Trd, 086388.300, 112
Trd, 086388.800, 102
Trd, 086388.883, 120
Trd, 086389.033, 119
Trd, 086389.133, 112
Trd, 086389.217, 108
Trd, 086389.367, 101
Trd, 086390.033, 130
Trd, 086390.117, 129
Trd, 086390.550, 126
Trd, 086390.683, 125
Trd, 086390.733, 102
Trd, 086390.750, 92
Trd, 086391.050, 87
Trd, 086391.433, 130
Trd, 086391.600, 86
Trd, 086391.667, 133
Trd, 086391.883, 101
Trd, 086391.967, 109
Trd, 086392.117, 100
Trd, 086392.333, 99
Trd, 086392.450, 86
Trd, 086392.650, 87
Trd, 086392.800, 126
Trd, 086392.850, 77
Trd, 086393.033, 121
Trd, 086393.350, 78
Trd, 086394.183, 95
Trd, 086394.400, 120
Trd, 086394.517, 94
Trd, 086394.717, 117
Trd, 086394.833, 93
Trd, 086395.000, 99
Trd, 086395.400, 140
Trd, 086395.867, 140
Trd, 086396.283, 140
Trd, 086396.500, 140
Trd, 086396.517, 134
Trd, 086396.550, 131
Trd, 086396.567, 128
Trd, 086397.050, 134
Trd, 086397.450, 129
Trd, 086397.767, 129
Trd, 086398.033, 115
Trd, 086398.050, 114
Trd, 086398.983, 115
Trd, 086399.200, 116
Trd, 086399.283, 117
Trd, 086399.500, 98
Trd, 086399.617, 110
Trd, 086399.850, 108
Trd, 086399.933, 97
