Trd, 085748.717, 125
Trd, 085748.900, 125
Trd, 085749.067, 132
Trd, 085749.100, 124
Trd, 085749.433, 126
Trd, 085749.467, 119
Trd, 085749.633, 117
Trd, 085749.833, 113
Trd, 085749.950, 133
Trd, 085750.133, 139
Trd, 085750.750, 116
Trd, 085750.900, 115
Trd, 085751.133, 118
Trd, 085752.067, 131
Trd, 085752.483, 127
Trd, 085753.083, 128
Trd, 085753.500, 137
Trd, 085754.550, 140
Trd, 085754.967, 140
Trd, 085755.883, 140
Trd, 085755.983, 140
Trd, 085756.133, 140
Trd, 085756.350, 140
Trd, 085756.883, 140
Trd, 085756.917, 140
Trd, 085757.400, 140
Trd, 085757.833, 140
Trd, 085757.867, 140
Trd, 085758.150, 138
Trd, 085758.167, 133
Trd, 085758.367, 133
Trd, 085758.567, 140
Trd, 085758.583, 132
Trd, 085759.000, 124
Trd, 085759.383, 138
Trd, 085759.600, 140
Trd, 085760.383, 140
Trd, 085760.500, 139
Trd, 085760.850, 137
Trd, 085762.117, 135
Trd, 085762.183, 138
Trd, 085762.300, 132
Trd, 085762.517, 129
Trd, 085762.900, 127
Trd, 085763.500, 129
Trd, 085763.567, 134
Trd, 085763.867, 134
Trd, 085764.067, 121
Trd, 085764.667, 138
Trd, 085764.717, 117
Trd, 085765.150, 140
Trd, 085765.317, 113
Trd, 085765.833, 136
Trd, 085766.117, 136
Trd, 085766.183, 136
Trd, 085766.583, 133
Trd, 085766.617, 132
Trd, 085767.150, 131
Trd, 085767.883, 131
Trd, 085768.033, 128
Trd, 085768.267, 131
Trd, 085768.400, 125
Trd, 085768.833, 132
Trd, 085769.283, 140
Trd, 085769.467, 136
Trd, 085769.950, 135
Trd, 085770.200, 138
Trd, 085770.550, 123
Trd, 085771.083, 140
Trd, 085771.417, 136
Trd, 085771.433, 129
Trd, 085772.050, 121
Trd, 085772.367, 119
Trd, 085772.433, 121
Trd, 085772.517, 118
Trd, 085772.867, 120
Trd, 085773.083, 136
Trd, 085773.133, 123
Trd, 085773.217, 119
Trd, 085774.400, 130
Trd, 085774.850, 122
Trd, 085774.983, 121
Trd, 085775.300, 121
Trd, 085775.650, 121
Trd, 085776.033, 115
Trd, 085776.417, 140
Trd, 085776.717, 139
Trd, 085776.967, 139
Trd, 085777.200, 139
Trd, 085777.233, 140
Trd, 085777.450, 122
Trd, 085778.033, 140
Trd, 085778.300, 132
Trd, 085778.983, 140
Trd, 085779.250, 140
Trd, 085779.550, 139
Trd, 085779.617, 134
Trd, 085780.017, 133
Trd, 085780.050, 137
Trd, 085781.200, 111
Trd, 085781.350, 128
Trd, 085781.617, 123
Trd, 085781.933, 117
Trd, 085782.350, 117
Trd, 085782.483, 121
Trd, 085782.583, 120
Trd, 085782.650, 116
Trd, 085782.900, 128
Trd, 085783.167, 139
Trd, 085783.367, 127
Trd, 085783.500, 126
Trd, 085783.600, 115
Trd, 085784.417, 140
Trd, 085784.867, 140
Trd, 085785.083, 140
Trd, 085785.300, 135
Trd, 085785.417, 133
Trd, 085785.433, 130
Trd, 085785.617, 133
Trd, 085785.783, 126
Trd, 085785.867, 135
Trd, 085786.700, 120
Trd, 085786.717, 111
Trd, 085787.133, 122
Trd, 085787.267, 121
Trd, 085788.233, 123
Trd, 085788.533, 123
Trd, 085788.583, 124
Trd, 085789.200, 118
Trd, 085789.517, 126
Trd, 085789.633, 117
Trd, 085789.883, 113
Trd, 085789.900, 104
Trd, 085790.050, 105
Trd, 085790.483, 115
Trd, 085790.567, 128
Trd, 085790.617, 129
Trd, 085791.150, 129
Trd, 085791.417, 129
Trd, 085791.600, 139
Trd, 085791.633, 128
Trd, 085792.050, 125
Trd, 085792.417, 125
Trd, 085792.550, 125
Trd, 085792.567, 122
Trd, 085792.900, 126
Trd, 085793.550, 122
Trd, 085793.667, 120
Trd, 085794.067, 116
Trd, 085794.300, 140
Trd, 085794.483, 137
Trd, 085795.150, 116
Trd, 085795.233, 117
Trd, 085795.267, 127
Trd, 085795.567, 108
Trd, 085795.733, 105
Trd, 085796.033, 134
Trd, 085796.633, 133
Trd, 085796.683, 129
Trd, 085796.900, 121
Trd, 085797.167, 121
Trd, 085797.250, 134
Trd, 085797.733, 109
Trd, 085797.767, 107
Trd, 085797.817, 113
Trd, 085799.167, 113
Trd, 085799.283, 118
Trd, 085799.617, 137
Trd, 085800.250, 128
Trd, 085800.900, 140
Trd, 085800.933, 139
Trd, 085801.367, 140
Trd, 085801.400, 140
Trd, 085801.700, 123
Trd, 085802.267, 132
Trd, 085802.333, 130
Trd, 085802.367, 124
Trd, 085803.200, 134
Trd, 085803.583, 135
Trd, 085803.600, 133
Trd, 085803.967, 123
Trd, 085804.117, 135
Trd, 085804.250, 115
Trd, 085804.367, 135
Trd, 085805.083, 117
Trd, 085805.200, 116
Trd, 085805.300, 131
Trd, 085805.333, 114
Trd, 085805.750, 119
Trd, 085806.233, 118
Trd, 085806.767, 113
Trd, 085806.850, 111
Trd, 085807.067, 105
Trd, 085807.117, 123
Trd, 085807.267, 130
Trd, 085807.667, 136
Trd, 085807.733, 124
Trd, 085807.783, 95
Trd, 085807.983, 118
Trd, 085808.100, 136
Trd, 085808.300, 134
Trd, 085808.417, 114
Trd, 085808.483, 114
Trd, 085808.550, 105
Trd, 085808.667, 94
Trd, 085809.400, 140
Trd, 085810.717, 140
Trd, 085811.050, 140
Trd, 085811.167, 140
Trd, 085811.750, 140
Trd, 085811.783, 140
Trd, 085812.050, 132
Trd, 085812.583, 140
Trd, 085813.033, 138
Trd, 085813.150, 139
Trd, 085813.383, 133
Trd, 085813.750, 130
Trd, 085813.783, 125
Trd, 085813.933, 116
Trd, 085814.083, 126
Trd, 085814.867, 140
Trd, 085814.983, 121
Trd, 085815.417, 121
Trd, 085816.350, 117
Trd, 085816.517, 128
Trd, 085816.817, 117
Trd, 085817.000, 118
Trd, 085817.167, 122
Trd, 085817.450, 117
Trd, 085817.917, 125
Trd, 085817.933, 127
Trd, 085818.117, 117
Trd, 085818.467, 116
Trd, 085818.583, 115
Trd, 085818.783, 127
Trd, 085819.067, 128
Trd, 085819.100, 118
Trd, 085819.300, 114
Trd, 085819.733, 114
Trd, 085820.167, 123
Trd, 085820.283, 129
Trd, 085820.317, 110
Trd, 085820.350, 110
Trd, 085820.933, 120
Trd, 085821.433, 140
Trd, 085823.667, 140
Trd, 085824.083, 140
Trd, 085824.100, 140
Trd, 085824.283, 140
Trd, 085824.617, 140
Trd, 085824.650, 140
Trd, 085824.717, 136
Trd, 085824.733, 133
Trd, 085824.750, 120
Trd, 085825.000, 138
Trd, 085825.167, 140
Trd, 085825.200, 137
Trd, 085825.400, 126
Trd, 085825.783, 126
Trd, 085826.350, 134
Trd, 085826.667, 133
Trd, 085827.150, 138
Trd, 085827.583, 140
Trd, 085828.317, 132
Trd, 085828.417, 128
Trd, 085828.433, 126
Trd, 085828.500, 123
Trd, 085828.700, 135
Trd, 085829.050, 102
Trd, 085829.100, 101
Trd, 085829.233, 91
Trd, 085829.383, 100
Trd, 085829.983, 103
Trd, 085830.100, 116
Trd, 085830.250, 120
Trd, 085830.300, 127
Trd, 085830.317, 120
Trd, 085830.967, 138
Trd, 085831.033, 137
Trd, 085831.250, 130
Trd, 085832.833, 131
Trd, 085832.983, 131
Trd, 085833.483, 133
Trd, 085834.067, 131
Trd, 085834.117, 134
Trd, 085834.183, 125
Trd, 085834.217, 123
Trd, 085834.317, 130
Trd, 085834.583, 130
Trd, 085834.833, 124
Trd, 085834.983, 130
Trd, 085835.300, 119
Trd, 085835.567, 131
Trd, 085835.983, 140
Trd, 085836.217, 140
Trd, 085836.283, 118
Trd, 085836.450, 134
Trd, 085836.817, 127
Trd, 085837.083, 125
Trd, 085837.167, 124
Trd, 085837.417, 136
Trd, 085837.567, 119
Trd, 085837.883, 115
Trd, 085838.250, 140
Trd, 085838.783, 113
Trd, 085839.000, 109
Trd, 085839.033, 108
Trd, 085839.133, 102
Trd, 085839.700, 114
Trd, 085839.767, 95
Trd, 085840.050, 123
Trd, 085840.233, 117
Trd, 085840.783, 140
Trd, 085841.533, 120
Trd, 085841.600, 106
Trd, 085841.767, 117
Trd, 085842.950, 124
Trd, 085843.183, 115
Trd, 085843.250, 121
Trd, 085843.300, 107
Trd, 085843.433, 107
Trd, 085843.633, 107
Trd, 085843.900, 123
Trd, 085844.033, 91
Trd, 085844.550, 125
Trd, 085844.567, 131
Trd, 085844.850, 133
Trd, 085844.983, 132
Trd, 085845.133, 127
Trd, 085845.183, 126
Trd, 085845.467, 129
Trd, 085845.850, 114
Trd, 085846.400, 139
Trd, 085846.417, 139
Trd, 085846.517, 119
Trd, 085847.033, 115
Trd, 085847.083, 113
Trd, 085847.550, 129
Trd, 085847.583, 130
Trd, 085847.750, 109
Trd, 085848.250, 123
Trd, 085848.383, 122
Trd, 085848.617, 115
Trd, 085848.717, 109
Trd, 085848.800, 107
Trd, 085849.100, 107
Trd, 085849.533, 98
Trd, 085849.650, 109
Trd, 085849.800, 90
Trd, 085850.167, 107
Trd, 085850.600, 91
Trd, 085850.800, 89
Trd, 085850.967, 74
Trd, 085851.017, 109
Trd, 085851.117, 122
Trd, 085852.050, 109
Trd, 085852.133, 97
Trd, 085852.233, 111
Trd, 085852.350, 118
Trd, 085853.517, 124
Trd, 085854.217, 140
Trd, 085854.467, 140
Trd, 085854.617, 140
Trd, 085855.300, 140
Trd, 085855.600, 134
Trd, 085855.817, 133
Trd, 085855.850, 133
Trd, 085856.233, 138
Trd, 085856.550, 139
Trd, 085856.833, 125
Trd, 085856.933, 123
Trd, 085857.033, 110
Trd, 085857.350, 135
Trd, 085857.367, 107
Trd, 085857.400, 105
Trd, 085857.700, 106
Trd, 085857.850, 121
Trd, 085858.350, 121
Trd, 085858.600, 106
Trd, 085858.900, 101
Trd, 085858.933, 115
Trd, 085858.967, 122
Trd, 085858.983, 100
Trd, 085859.967, 136
Trd, 085860.117, 134
Trd, 085860.600, 138
Trd, 085861.200, 138
Trd, 085861.567, 134
Trd, 085862.000, 132
Trd, 085862.033, 131
Trd, 085862.067, 137
Trd, 085862.167, 128
Trd, 085862.417, 137
Trd, 085863.017, 133
Trd, 085863.033, 132
Trd, 085863.500, 137
Trd, 085863.600, 138
Trd, 085863.967, 136
Trd, 085864.333, 132
Trd, 085864.917, 139
Trd, 085865.367, 140
Trd, 085865.550, 132
Trd, 085865.833, 131
Trd, 085865.917, 130
Trd, 085866.350, 133
Trd, 085866.617, 138
Trd, 085866.767, 127
Trd, 085867.317, 132
Trd, 085867.333, 126
Trd, 085867.600, 123
Trd, 085867.883, 123
Trd, 085868.000, 122
Trd, 085868.133, 122
Trd, 085868.150, 120
Trd, 085868.267, 116
Trd, 085868.333, 125
Trd, 085868.467, 121
Trd, 085868.500, 126
Trd, 085868.783, 115
Trd, 085870.450, 140
Trd, 085870.650, 140
Trd, 085870.833, 140
Trd, 085870.883, 140
Trd, 085870.950, 139
Trd, 085871.100, 133
Trd, 085871.367, 134
Trd, 085871.400, 132
Trd, 085871.733, 131
Trd, 085872.200, 130
Trd, 085872.317, 119
Trd, 085872.517, 113
Trd, 085872.600, 115
Trd, 085872.833, 131
Trd, 085873.350, 131
Trd, 085873.967, 127
Trd, 085874.100, 130
Trd, 085874.233, 118
Trd, 085874.250, 135
Trd, 085875.067, 137
Trd, 085875.083, 131
Trd, 085875.250, 117
Trd, 085875.383, 116
Trd, 085875.400, 115
Trd, 085875.500, 119
Trd, 085876.083, 115
Trd, 085876.167, 104
Trd, 085876.350, 113
Trd, 085876.783, 91
Trd, 085877.200, 84
Trd, 085877.450, 84
Trd, 085877.650, 134
Trd, 085877.767, 85
Trd, 085877.800, 132
Trd, 085877.867, 86
Trd, 085877.983, 117
Trd, 085878.367, 85
Trd, 085879.267, 134
Trd, 085879.283, 123
Trd, 085879.300, 121
Trd, 085879.683, 135
Trd, 085880.250, 140
Trd, 085881.617, 140
Trd, 085881.667, 140
Trd, 085881.750, 136
Trd, 085881.783, 135
Trd, 085882.383, 133
Trd, 085882.517, 133
Trd, 085883.100, 140
Trd, 085883.367, 127
Trd, 085883.883, 129
Trd, 085883.933, 133
Trd, 085884.150, 129
Trd, 085884.667, 129
Trd, 085884.683, 131
Trd, 085884.750, 128
Trd, 085885.133, 140
Trd, 085885.150, 140
Trd, 085885.183, 139
Trd, 085885.333, 125
Trd, 085886.117, 131
Trd, 085886.417, 131
Trd, 085886.650, 129
Trd, 085886.733, 128
Trd, 085886.833, 135
Trd, 085887.267, 128
Trd, 085887.283, 121
Trd, 085887.417, 117
Trd, 085887.450, 136
Trd, 085887.517, 104
Trd, 085887.717, 103
Trd, 085888.000, 97
Trd, 085889.017, 140
Trd, 085889.417, 139
Trd, 085889.867, 135
Trd, 085890.683, 135
Trd, 085890.933, 133
Trd, 085891.450, 140
Trd, 085891.567, 139
Trd, 085891.867, 139
Trd, 085892.117, 138
Trd, 085892.283, 126
Trd, 085892.300, 123
Trd, 085892.967, 139
Trd, 085893.800, 140
Trd, 085894.067, 140
Trd, 085894.267, 140
Trd, 085894.333, 140
Trd, 085894.367, 133
Trd, 085894.450, 132
Trd, 085894.750, 137
Trd, 085894.950, 137
Trd, 085895.117, 138
Trd, 085896.300, 140
Trd, 085896.350, 140
Trd, 085896.417, 140
Trd, 085896.817, 135
Trd, 085896.983, 133
Trd, 085897.583, 138
Trd, 085897.783, 137
Trd, 085897.800, 132
Trd, 085898.017, 135
Trd, 085898.067, 138
Trd, 085898.517, 130
Trd, 085899.683, 139
Trd, 085899.833, 140
Trd, 085900.067, 140
Trd, 085900.133, 139
Trd, 085900.383, 139
Trd, 085900.433, 138
Trd, 085900.583, 137
Trd, 085901.950, 137
Trd, 085902.367, 137
Trd, 085902.383, 135
Trd, 085902.433, 131
Trd, 085902.483, 137
Trd, 085903.000, 139
Trd, 085903.050, 133
Trd, 085903.233, 128
Trd, 085903.950, 140
Trd, 085904.383, 131
Trd, 085904.883, 132
Trd, 085905.100, 118
Trd, 085905.333, 112
Trd, 085905.950, 132
Trd, 085905.967, 127
Trd, 085906.367, 135
Trd, 085906.917, 139
Trd, 085907.133, 138
Trd, 085907.583, 140
Trd, 085908.400, 139
Trd, 085908.433, 138
Trd, 085908.583, 132
Trd, 085909.167, 133
Trd, 085909.833, 136
Trd, 085910.367, 131
Trd, 085910.467, 130
Trd, 085910.483, 128
Trd, 085910.567, 116
Trd, 085910.717, 113
Trd, 085911.100, 134
Trd, 085911.133, 140
Trd, 085911.150, 131
Trd, 085911.500, 112
Trd, 085911.533, 111
Trd, 085912.133, 140
Trd, 085912.633, 116
Trd, 085912.900, 122
Trd, 085913.750, 132
Trd, 085913.833, 134
Trd, 085914.167, 129
Trd, 085914.267, 138
Trd, 085914.317, 125
Trd, 085914.367, 121
Trd, 085914.767, 111
Trd, 085915.017, 129
Trd, 085915.117, 123
Trd, 085915.517, 109
Trd, 085915.900, 111
Trd, 085915.917, 110
Trd, 085916.500, 99
Trd, 085916.617, 102
Trd, 085916.800, 91
Trd, 085916.850, 108
Trd, 085916.967, 87
Trd, 085917.233, 131
Trd, 085917.433, 89
Trd, 085917.617, 89
Trd, 085917.933, 88
Trd, 085918.367, 129
Trd, 085918.383, 130
Trd, 085918.917, 134
Trd, 085919.117, 128
Trd, 085919.550, 138
Trd, 085920.100, 133
Trd, 085920.567, 131
Trd, 085921.600, 140
Trd, 085922.050, 140
Trd, 085922.183, 140
Trd, 085922.233, 140
Trd, 085922.717, 133
Trd, 085922.750, 128
Trd, 085923.067, 132
Trd, 085923.200, 117
Trd, 085923.367, 133
Trd, 085923.383, 113
Trd, 085923.850, 130
Trd, 085923.900, 129
Trd, 085924.233, 117
Trd, 085924.317, 117
Trd, 085924.383, 116
Trd, 085924.433, 108
Trd, 085924.600, 129
Trd, 085924.717, 120
Trd, 085924.800, 119
Trd, 085924.883, 114
Trd, 085925.400, 138
Trd, 085925.533, 119
Trd, 085925.933, 124
Trd, 085926.217, 117
Trd, 085926.517, 100
Trd, 085927.517, 140
Trd, 085927.867, 140
Trd, 085928.417, 140
Trd, 085928.533, 139
Trd, 085928.850, 140
Trd, 085929.867, 140
Trd, 085930.100, 135
Trd, 085930.300, 134
Trd, 085930.667, 129
Trd, 085930.717, 126
Trd, 085930.817, 122
Trd, 085931.250, 138
Trd, 085931.333, 128
Trd, 085931.933, 121
Trd, 085932.317, 122
Trd, 085932.467, 138
Trd, 085932.550, 120
Trd, 085932.633, 119
Trd, 085933.100, 113
Trd, 085933.783, 112
Trd, 085933.833, 112
Trd, 085934.167, 108
Trd, 085934.250, 133
Trd, 085935.100, 125
Trd, 085935.167, 133
Trd, 085935.183, 124
Trd, 085935.383, 123
Trd, 085935.667, 115
Trd, 085935.850, 123
Trd, 085935.933, 120
Trd, 085936.433, 109
Trd, 085936.683, 125
Trd, 085937.917, 107
Trd, 085938.150, 124
Trd, 085938.500, 127
Trd, 085938.883, 131
Trd, 085939.133, 140
Trd, 085939.583, 138
Trd, 085939.800, 136
Trd, 085940.150, 136
Trd, 085940.200, 135
Trd, 085940.950, 120
Trd, 085941.867, 121
Trd, 085942.317, 133
Trd, 085942.417, 128
Trd, 085942.633, 135
Trd, 085942.683, 121
Trd, 085943.250, 132
Trd, 085943.267, 131
Trd, 085943.450, 140
Trd, 085943.533, 140
Trd, 085943.600, 133
Trd, 085945.217, 139
Trd, 085945.367, 140
Trd, 085945.500, 140
Trd, 085945.550, 139
Trd, 085945.600, 132
Trd, 085946.283, 140
Trd, 085946.583, 140
Trd, 085946.983, 137
Trd, 085947.050, 134
Trd, 085947.117, 133
Trd, 085947.933, 139
Trd, 085948.200, 131
Trd, 085948.633, 135
Trd, 085948.967, 131
Trd, 085949.383, 130
Trd, 085949.583, 139
Trd, 085949.683, 128
Trd, 085950.050, 123
Trd, 085950.250, 123
Trd, 085950.700, 122
Trd, 085950.750, 114
Trd, 085950.850, 114
Trd, 085950.883, 123
Trd, 085951.533, 124
Trd, 085952.300, 111
Trd, 085952.533, 124
Trd, 085952.750, 107
Trd, 085952.950, 134
Trd, 085953.133, 103
Trd, 085953.150, 101
Trd, 085953.400, 100
Trd, 085953.933, 131
Trd, 085954.183, 138
Trd, 085954.283, 124
Trd, 085954.433, 108
Trd, 085955.183, 123
Trd, 085955.567, 129
Trd, 085955.717, 128
Trd, 085955.800, 125
Trd, 085956.250, 140
Trd, 085956.333, 140
Trd, 085956.683, 139
Trd, 085956.733, 138
Trd, 085957.717, 127
Trd, 085957.900, 133
Trd, 085958.183, 133
Trd, 085958.333, 124
Trd, 085958.550, 123
Trd, 085958.933, 134
Trd, 085959.033, 139
Trd, 085959.633, 120
Trd, 085959.767, 128
Trd, 085959.850, 138
Trd, 085960.317, 138
Trd, 085960.783, 132
Trd, 085961.133, 123
Trd, 085961.333, 124
Trd, 085962.133, 132
Trd, 085962.317, 132
Trd, 085962.517, 133
Trd, 085962.767, 133
Trd, 085962.850, 132
Trd, 085962.867, 122
Trd, 085963.467, 134
Trd, 085963.583, 133
Trd, 085963.650, 126
Trd, 085965.200, 140
Trd, 085965.667, 137
Trd, 085966.300, 138
Trd, 085966.500, 136
Trd, 085966.700, 140
Trd, 085966.767, 132
Trd, 085966.967, 140
Trd, 085967.000, 133
Trd, 085967.083, 123
Trd, 085967.533, 123
Trd, 085967.633, 122
Trd, 085967.667, 131
Trd, 085968.067, 137
Trd, 085968.667, 122
Trd, 085969.167, 125
Trd, 085969.233, 135
Trd, 085969.650, 127
Trd, 085969.767, 114
Trd, 085970.217, 114
Trd, 085970.283, 116
Trd, 085970.333, 113
Trd, 085970.700, 139
Trd, 085971.383, 136
Trd, 085971.783, 139
Trd, 085972.500, 138
Trd, 085972.517, 132
Trd, 085972.600, 130
Trd, 085972.967, 120
Trd, 085973.083, 140
Trd, 085973.700, 129
Trd, 085973.867, 128
Trd, 085974.550, 140
Trd, 085974.667, 133
Trd, 085974.967, 128
Trd, 085975.067, 121
Trd, 085975.750, 112
Trd, 085976.033, 109
Trd, 085976.133, 112
Trd, 085976.150, 113
Trd, 085976.317, 108
Trd, 085976.467, 107
Trd, 085976.550, 107
Trd, 085976.567, 114
Trd, 085976.617, 107
Trd, 085976.850, 120
Trd, 085978.150, 140
Trd, 085978.717, 140
Trd, 085978.833, 140
Trd, 085978.867, 140
Trd, 085979.433, 140
Trd, 085979.917, 140
Trd, 085980.133, 132
Trd, 085980.200, 128
Trd, 085980.700, 135
Trd, 085980.733, 134
Trd, 085981.900, 133
Trd, 085982.033, 134
Trd, 085982.083, 132
Trd, 085982.167, 128
Trd, 085982.617, 134
Trd, 085983.650, 130
Trd, 085983.733, 129
Trd, 085984.383, 128
Trd, 085984.450, 129
Trd, 085984.600, 121
Trd, 085984.650, 121
Trd, 085984.850, 112
Trd, 085984.867, 131
Trd, 085984.967, 109
Trd, 085985.583, 138
Trd, 085985.800, 140
Trd, 085985.833, 140
Trd, 085985.967, 140
Trd, 085986.333, 133
Trd, 085986.683, 132
Trd, 085987.267, 135
Trd, 085987.400, 135
Trd, 085987.917, 135
Trd, 085988.983, 140
Trd, 085989.267, 135
Trd, 085989.550, 135
Trd, 085989.633, 134
Trd, 085990.367, 130
Trd, 085990.717, 130
Trd, 085990.800, 140
Trd, 085990.917, 129
Trd, 085991.017, 127
Trd, 085991.133, 124
Trd, 085991.350, 134
Trd, 085992.783, 131
Trd, 085993.033, 139
Trd, 085993.083, 132
Trd, 085993.117, 131
Trd, 085993.717, 134
Trd, 085993.800, 138
Trd, 085993.900, 134
Trd, 085994.083, 140
Trd, 085994.617, 140
Trd, 085994.783, 140
Trd, 085994.800, 139
Trd, 085994.900, 140
Trd, 085995.317, 134
Trd, 085995.517, 130
Trd, 085995.717, 134
Trd, 085996.200, 118
Trd, 085996.417, 117
Trd, 085996.800, 126
Trd, 085996.867, 132
Trd, 085997.167, 124
Trd, 085997.617, 121
Trd, 085998.167, 138
Trd, 085998.800, 140
Trd, 085998.983, 140
Trd, 085999.017, 140
Trd, 085999.233, 139
Trd, 085999.450, 138
Trd, 086000.133, 124
Trd, 086000.367, 139
Trd, 086000.800, 135
Trd, 086001.300, 132
Trd, 086001.817, 117
Trd, 086001.900, 118
Trd, 086001.950, 117
Trd, 086001.967, 137
Trd, 086002.200, 129
Trd, 086002.333, 116
Trd, 086002.367, 115
Trd, 086002.717, 138
Trd, 086002.750, 126
Trd, 086002.933, 121
Trd, 086003.217, 123
Trd, 086003.533, 133
Trd, 086003.717, 123
Trd, 086004.033, 128
Trd, 086004.183, 135
Trd, 086004.817, 121
Trd, 086004.833, 120
Trd, 086005.067, 107
Trd, 086005.567, 126
Trd, 086006.467, 99
Trd, 086006.667, 124
Trd, 086006.750, 99
Trd, 086007.117, 93
Trd, 086007.567, 109
Trd, 086007.833, 123
Trd, 086008.017, 124
Trd, 086008.033, 110
Trd, 086008.217, 104
Trd, 086008.533, 103
Trd, 086008.683, 100
Trd, 086009.433, 108
Trd, 086009.550, 110
Trd, 086009.667, 112
Trd, 086009.750, 106
Trd, 086010.550, 113
Trd, 086010.617, 114
Trd, 086010.767, 113
Trd, 086010.867, 120
Trd, 086011.017, 120
Trd, 086011.517, 107
Trd, 086011.700, 103
Trd, 086011.833, 109
Trd, 086012.017, 117
Trd, 086012.883, 115
Trd, 086013.000, 93
Trd, 086013.550, 140
Trd, 086013.667, 100
Trd, 086014.167, 140
Trd, 086014.950, 140
Trd, 086015.050, 140
Trd, 086015.167, 140
Trd, 086015.467, 140
Trd, 086015.950, 129
Trd, 086016.717, 130
Trd, 086016.900, 124
Trd, 086017.017, 123
Trd, 086017.267, 122
Trd, 086017.367, 137
Trd, 086017.483, 122
Trd, 086017.650, 122
Trd, 086017.767, 121
Trd, 086018.317, 129
Trd, 086018.467, 137
Trd, 086019.017, 123
Trd, 086019.033, 118
Trd, 086019.250, 137
Trd, 086019.300, 129
Trd, 086019.367, 121
Trd, 086020.167, 130
Trd, 086020.250, 119
Trd, 086021.633, 126
Trd, 086021.967, 140
Trd, 086022.350, 140
Trd, 086022.417, 139
Trd, 086022.633, 132
Trd, 086022.700, 128
Trd, 086023.550, 121
Trd, 086023.733, 129
Trd, 086023.833, 121
Trd, 086023.883, 135
Trd, 086024.200, 131
Trd, 086024.317, 116
Trd, 086024.617, 114
Trd, 086024.800, 105
Trd, 086024.883, 105
Trd, 086024.983, 117
Trd, 086025.450, 135
Trd, 086025.583, 135
Trd, 086026.017, 140
Trd, 086026.267, 140
Trd, 086026.850, 138
Trd, 086027.067, 137
Trd, 086027.317, 126
Trd, 086027.467, 122
Trd, 086027.483, 120
Trd, 086027.683, 112
Trd, 086028.150, 104
Trd, 086028.733, 140
Trd, 086028.867, 140
Trd, 086028.933, 140
Trd, 086028.983, 140
Trd, 086029.167, 139
Trd, 086029.267, 132
Trd, 086029.483, 138
Trd, 086029.667, 98
Trd, 086029.983, 116
Trd, 086030.033, 102
Trd, 086030.867, 136
Trd, 086030.967, 108
Trd, 086031.433, 114
Trd, 086031.583, 113
Trd, 086031.833, 112
Trd, 086031.867, 116
Trd, 086032.383, 111
Trd, 086032.450, 106
Trd, 086032.467, 105
Trd, 086032.700, 106
Trd, 086032.750, 105
Trd, 086033.283, 102
Trd, 086033.400, 128
Trd, 086033.650, 129
Trd, 086034.100, 132
Trd, 086034.417, 132
Trd, 086034.550, 125
Trd, 086034.833, 136
Trd, 086034.983, 130
Trd, 086035.300, 140
Trd, 086035.600, 133
Trd, 086035.717, 132
Trd, 086036.200, 130
Trd, 086037.733, 140
Trd, 086037.750, 140
Trd, 086037.883, 139
Trd, 086038.800, 140
Trd, 086039.050, 140
Trd, 086039.067, 139
Trd, 086039.767, 137
Trd, 086039.950, 135
Trd, 086040.117, 134
Trd, 086040.200, 133
Trd, 086040.317, 122
Trd, 086040.800, 115
Trd, 086041.233, 114
Trd, 086041.417, 113
Trd, 086041.483, 115
Trd, 086041.683, 130
Trd, 086042.450, 130
Trd, 086042.500, 129
Trd, 086042.533, 128
Trd, 086042.633, 127
Trd, 086042.683, 134
Trd, 086042.717, 137
Trd, 086043.217, 125
Trd, 086043.383, 111
Trd, 086043.417, 111
Trd, 086043.550, 107
Trd, 086044.283, 140
Trd, 086045.300, 122
Trd, 086045.417, 119
Trd, 086045.600, 118
Trd, 086045.617, 120
Trd, 086046.933, 140
Trd, 086046.983, 140
Trd, 086047.283, 140
Trd, 086047.333, 140
Trd, 086047.833, 140
Trd, 086048.033, 140
Trd, 086048.467, 129
Trd, 086048.750, 127
Trd, 086049.017, 137
Trd, 086049.183, 122
Trd, 086049.700, 121
Trd, 086049.733, 118
Trd, 086049.783, 115
Trd, 086050.233, 134
Trd, 086050.317, 102
Trd, 086050.467, 135
Trd, 086051.200, 106
Trd, 086051.483, 140
Trd, 086051.567, 108
Trd, 086052.333, 140
Trd, 086052.800, 140
Trd, 086053.033, 140
Trd, 086053.350, 140
Trd, 086053.367, 140
Trd, 086053.383, 133
Trd, 086053.867, 130
Trd, 086054.050, 125
Trd, 086054.200, 138
Trd, 086054.450, 123
Trd, 086054.800, 126
Trd, 086054.833, 125
Trd, 086055.050, 122
Trd, 086055.200, 121
Trd, 086055.383, 127
Trd, 086055.633, 127
Trd, 086055.750, 119
Trd, 086055.767, 114
Trd, 086056.017, 137
Trd, 086056.833, 134
Trd, 086057.100, 134
Trd, 086057.167, 133
Trd, 086057.700, 132
Trd, 086058.000, 126
Trd, 086058.067, 113
Trd, 086058.150, 111
Trd, 086058.667, 131
Trd, 086059.133, 128
Trd, 086059.317, 127
Trd, 086059.433, 126
Trd, 086059.567, 128
Trd, 086060.117, 114
Trd, 086060.167, 127
Trd, 086060.467, 129
Trd, 086060.500, 112
Trd, 086060.533, 107
Trd, 086060.783, 129
Trd, 086060.883, 129
Trd, 086061.667, 104
Trd, 086061.833, 136
Trd, 086061.933, 100
Trd, 086062.067, 124
Trd, 086062.533, 127
Trd, 086062.617, 126
Trd, 086062.817, 115
Trd, 086063.317, 137
Trd, 086063.483, 136
Trd, 086064.167, 137
Trd, 086064.250, 136
Trd, 086064.650, 130
Trd, 086065.500, 139
Trd, 086065.600, 128
Trd, 086066.083, 128
Trd, 086066.183, 125
Trd, 086066.283, 122
Trd, 086066.300, 121
Trd, 086066.533, 136
Trd, 086066.967, 133
Trd, 086067.083, 118
Trd, 086067.250, 112
Trd, 086067.533, 106
Trd, 086067.617, 115
Trd, 086067.900, 122
Trd, 086068.317, 123
Trd, 086070.217, 125
Trd, 086070.833, 140
Trd, 086071.050, 133
Trd, 086071.417, 134
Trd, 086071.650, 140
Trd, 086071.933, 134
Trd, 086072.583, 136
Trd, 086072.700, 135
Trd, 086073.067, 132
Trd, 086073.450, 136
Trd, 086073.783, 129
Trd, 086073.817, 128
Trd, 086073.900, 135
Trd, 086074.017, 127
Trd, 086074.350, 122
Trd, 086074.483, 117
Trd, 086074.650, 135
Trd, 086075.067, 108
Trd, 086075.833, 112
Trd, 086076.250, 112
Trd, 086076.333, 133
Trd, 086076.450, 112
Trd, 086076.533, 134
Trd, 086077.650, 124
Trd, 086077.667, 122
Trd, 086077.750, 113
Trd, 086078.133, 113
Trd, 086078.367, 113
Trd, 086078.383, 126
Trd, 086078.733, 134
Trd, 086078.817, 108
Trd, 086078.967, 133
Trd, 086079.433, 118
Trd, 086079.450, 108
Trd, 086079.500, 102
Trd, 086080.167, 124
Trd, 086080.417, 135
Trd, 086081.633, 131
Trd, 086081.683, 130
Trd, 086081.833, 130
Trd, 086082.067, 128
Trd, 086082.267, 140
Trd, 086082.717, 140
Trd, 086083.200, 140
Trd, 086083.550, 140
Trd, 086083.750, 140
Trd, 086084.433, 138
Trd, 086084.717, 140
Trd, 086084.867, 136
Trd, 086085.033, 129
Trd, 086085.267, 125
Trd, 086085.800, 134
Trd, 086086.167, 140
Trd, 086086.333, 135
Trd, 086086.667, 129
Trd, 086087.400, 126
Trd, 086087.667, 127
Trd, 086088.017, 123
Trd, 086088.100, 128
Trd, 086089.083, 128
Trd, 086089.283, 127
Trd, 086089.317, 122
Trd, 086089.567, 121
Trd, 086089.733, 112
Trd, 086089.967, 140
Trd, 086090.050, 137
Trd, 086090.750, 122
Trd, 086091.050, 129
Trd, 086091.100, 113
Trd, 086091.433, 137
Trd, 086091.933, 137
Trd, 086092.400, 136
Trd, 086092.467, 132
Trd, 086092.817, 139
Trd, 086093.317, 132
Trd, 086093.733, 134
Trd, 086093.883, 134
Trd, 086094.000, 135
Trd, 086094.250, 134
Trd, 086094.550, 134
Trd, 086094.933, 132
Trd, 086095.050, 125
Trd, 086095.233, 118
Trd, 086095.250, 116
Trd, 086095.583, 116
Trd, 086095.617, 134
Trd, 086095.650, 115
Trd, 086095.883, 114
Trd, 086096.433, 129
Trd, 086096.617, 130
Trd, 086096.633, 127
Trd, 086097.133, 122
Trd, 086097.717, 119
Trd, 086097.850, 118
Trd, 086097.983, 115
Trd, 086098.200, 114
Trd, 086098.467, 108
Trd, 086099.000, 123
Trd, 086099.567, 123
Trd, 086099.817, 122
Trd, 086099.867, 120
Trd, 086099.933, 123
Trd, 086099.950, 127
Trd, 086100.333, 131
Trd, 086100.383, 119
Trd, 086100.517, 134
Trd, 086100.950, 137
Trd, 086102.150, 139
Trd, 086102.317, 140
Trd, 086102.583, 136
Trd, 086102.967, 140
Trd, 086103.250, 139
Trd, 086103.467, 133
Trd, 086103.617, 132
Trd, 086104.167, 130
Trd, 086104.367, 129
Trd, 086104.433, 129
Trd, 086104.617, 126
Trd, 086105.033, 140
Trd, 086105.650, 140
Trd, 086106.700, 137
Trd, 086106.750, 136
Trd, 086107.100, 133
Trd, 086107.983, 130
Trd, 086108.067, 129
Trd, 086108.267, 130
Trd, 086108.300, 124
Trd, 086109.250, 123
Trd, 086109.367, 122
Trd, 086109.967, 132
Trd, 086110.100, 135
Trd, 086110.267, 139
Trd, 086110.300, 121
Trd, 086110.350, 119
Trd, 086110.617, 139
Trd, 086110.633, 125
Trd, 086110.700, 118
Trd, 086110.767, 122
Trd, 086110.783, 117
Trd, 086110.867, 107
Trd, 086111.117, 115
Trd, 086111.517, 133
Trd, 086111.833, 124
Trd, 086111.933, 116
Trd, 086112.633, 131
Trd, 086112.950, 113
Trd, 086113.250, 113
Trd, 086113.333, 112
Trd, 086113.583, 121
Trd, 086114.267, 110
Trd, 086114.500, 110
Trd, 086114.600, 109
Trd, 086115.317, 109
Trd, 086115.600, 110
Trd, 086116.033, 109
Trd, 086116.333, 112
Trd, 086116.417, 108
Trd, 086116.600, 98
Trd, 086116.933, 111
Trd, 086117.017, 112
Trd, 086117.050, 98
Trd, 086117.417, 103
Trd, 086117.733, 115
Trd, 086118.000, 127
Trd, 086118.233, 114
Trd, 086118.917, 130
Trd, 086119.100, 131
Trd, 086119.183, 130
Trd, 086119.250, 128
Trd, 086120.200, 139
Trd, 086120.250, 129
Trd, 086120.483, 118
Trd, 086120.500, 118
Trd, 086121.400, 123
Trd, 086121.633, 123
Trd, 086121.683, 117
Trd, 086121.833, 118
Trd, 086122.067, 112
Trd, 086123.017, 133
Trd, 086123.550, 140
Trd, 086123.667, 125
Trd, 086124.133, 136
Trd, 086124.183, 135
Trd, 086124.417, 130
Trd, 086124.467, 128
Trd, 086124.617, 120
Trd, 086124.633, 117
Trd, 086125.083, 138
Trd, 086125.733, 138
Trd, 086125.833, 137
Trd, 086125.883, 134
Trd, 086126.817, 137
Trd, 086126.833, 136
Trd, 086127.117, 134
Trd, 086127.200, 130
Trd, 086127.283, 128
Trd, 086127.533, 127
Trd, 086128.483, 126
Trd, 086128.500, 127
Trd, 086128.733, 128
Trd, 086128.817, 128
Trd, 086129.233, 128
Trd, 086129.250, 129
Trd, 086130.033, 139
Trd, 086131.017, 139
Trd, 086131.317, 135
Trd, 086131.767, 134
Trd, 086132.117, 122
Trd, 086132.417, 125
Trd, 086132.450, 134
Trd, 086132.533, 136
Trd, 086132.633, 115
Trd, 086132.983, 126
Trd, 086133.500, 133
Trd, 086133.717, 134
Trd, 086134.017, 133
Trd, 086134.350, 132
Trd, 086135.033, 134
Trd, 086135.100, 133
Trd, 086135.217, 132
Trd, 086135.250, 126
Trd, 086135.467, 118
Trd, 086135.883, 128
Trd, 086135.983, 131
Trd, 086136.833, 125
Trd, 086136.917, 125
Trd, 086136.983, 116
Trd, 086137.283, 130
Trd, 086137.583, 140
Trd, 086137.967, 121
Trd, 086138.167, 120
Trd, 086138.250, 119
Trd, 086138.583, 114
Trd, 086139.633, 129
Trd, 086139.917, 130
Trd, 086140.000, 124
Trd, 086140.467, 124
Trd, 086140.900, 130
Trd, 086141.100, 124
Trd, 086141.233, 130
Trd, 086141.450, 124
Trd, 086141.583, 121
Trd, 086141.700, 118
Trd, 086142.500, 140
Trd, 086142.917, 140
Trd, 086143.267, 139
Trd, 086143.300, 137
Trd, 086143.450, 138
Trd, 086144.033, 131
Trd, 086144.167, 130
Trd, 086144.350, 138
Trd, 086144.400, 127
Trd, 086145.017, 130
Trd, 086145.283, 126
Trd, 086145.417, 121
Trd, 086145.800, 140
Trd, 086146.233, 140
Trd, 086146.267, 138
Trd, 086147.017, 137
Trd, 086147.267, 137
Trd, 086147.550, 136
Trd, 086148.117, 139
Trd, 086148.183, 131
Trd, 086148.283, 130
Trd, 086148.533, 131
Trd, 086149.150, 135
Trd, 086149.183, 133
Trd, 086149.200, 129
Trd, 086149.300, 129
Trd, 086151.950, 140
Trd, 086152.050, 140
Trd, 086152.267, 140
Trd, 086152.317, 134
Trd, 086152.433, 133
Trd, 086152.933, 137
Trd, 086153.433, 134
Trd, 086154.017, 134
Trd, 086154.217, 133
Trd, 086155.150, 129
Trd, 086155.233, 128
Trd, 086155.283, 125
Trd, 086155.450, 140
Trd, 086155.500, 123
Trd, 086155.767, 136
Trd, 086155.983, 122
Trd, 086156.150, 117
Trd, 086157.067, 119
Trd, 086157.317, 125
Trd, 086157.400, 113
Trd, 086157.783, 121
Trd, 086158.217, 129
Trd, 086158.717, 140
Trd, 086158.867, 140
Trd, 086159.183, 133
Trd, 086159.250, 139
Trd, 086159.650, 124
Trd, 086160.017, 135
Trd, 086160.267, 125
Trd, 086160.350, 124
Trd, 086160.600, 123
Trd, 086160.817, 119
Trd, 086161.167, 118
Trd, 086161.650, 129
Trd, 086162.000, 129
Trd, 086162.833, 129
Trd, 086163.317, 127
Trd, 086163.583, 131
Trd, 086163.700, 127
Trd, 086163.783, 137
Trd, 086163.917, 135
Trd, 086164.333, 122
Trd, 086164.450, 121
Trd, 086164.517, 120
Trd, 086164.700, 112
Trd, 086164.850, 103
Trd, 086164.933, 123
Trd, 086165.367, 140
Trd, 086165.933, 118
Trd, 086166.033, 95
Trd, 086166.100, 134
Trd, 086166.600, 117
Trd, 086167.050, 129
Trd, 086167.083, 124
Trd, 086167.117, 115
Trd, 086167.717, 140
Trd, 086168.050, 140
Trd, 086168.167, 140
Trd, 086168.950, 140
Trd, 086169.000, 140
Trd, 086169.083, 140
Trd, 086169.450, 140
Trd, 086169.567, 140
Trd, 086170.050, 140
Trd, 086170.183, 140
Trd, 086171.383, 140
Trd, 086171.700, 140
Trd, 086171.750, 140
Trd, 086171.800, 132
Trd, 086171.867, 140
Trd, 086172.067, 131
Trd, 086172.500, 131
Trd, 086172.650, 137
Trd, 086172.683, 119
Trd, 086173.267, 116
Trd, 086173.383, 114
Trd, 086173.550, 112
Trd, 086173.667, 138
Trd, 086174.200, 109
Trd, 086174.633, 134
Trd, 086174.767, 131
Trd, 086174.950, 125
Trd, 086175.033, 120
Trd, 086175.633, 110
Trd, 086175.917, 110
Trd, 086176.683, 140
Trd, 086176.750, 140
Trd, 086177.467, 133
Trd, 086177.717, 140
Trd, 086177.850, 133
Trd, 086178.150, 129
Trd, 086178.200, 129
Trd, 086178.267, 128
Trd, 086179.150, 134
Trd, 086179.367, 125
Trd, 086179.967, 135
Trd, 086180.000, 125
Trd, 086180.233, 124
Trd, 086180.400, 119
Trd, 086180.550, 118
Trd, 086180.783, 117
Trd, 086181.017, 112
Trd, 086181.167, 135
Trd, 086181.350, 134
Trd, 086181.783, 140
Trd, 086181.850, 134
Trd, 086182.700, 134
Trd, 086182.817, 130
Trd, 086182.983, 139
Trd, 086183.017, 112
Trd, 086183.233, 114
Trd, 086183.917, 113
Trd, 086183.967, 136
Trd, 086184.233, 113
Trd, 086184.383, 112
Trd, 086184.550, 137
Trd, 086184.717, 126
Trd, 086184.817, 110
Trd, 086185.067, 109
Trd, 086185.800, 140
Trd, 086186.233, 125
Trd, 086186.483, 108
Trd, 086186.533, 106
Trd, 086186.750, 105
Trd, 086187.100, 115
Trd, 086187.267, 114
Trd, 086187.417, 120
Trd, 086187.433, 122
Trd, 086187.717, 120
Trd, 086188.150, 140
Trd, 086189.550, 140
Trd, 086189.567, 138
Trd, 086189.700, 130
Trd, 086189.867, 123
Trd, 086190.133, 117
Trd, 086190.500, 127
Trd, 086190.617, 117
Trd, 086190.750, 135
Trd, 086191.100, 116
Trd, 086191.633, 103
Trd, 086191.783, 115
Trd, 086192.200, 114
Trd, 086192.317, 108
Trd, 086192.650, 112
Trd, 086192.833, 103
Trd, 086193.000, 112
Trd, 086193.400, 118
Trd, 086193.533, 131
Trd, 086193.933, 103
Trd, 086193.983, 102
Trd, 086194.550, 120
Trd, 086194.783, 118
Trd, 086194.867, 131
Trd, 086194.933, 102
Trd, 086194.983, 132
Trd, 086195.450, 132
Trd, 086196.000, 136
Trd, 086196.317, 131
Trd, 086197.067, 132
Trd, 086197.100, 136
Trd, 086197.133, 137
Trd, 086197.233, 138
Trd, 086197.433, 131
Trd, 086197.767, 129
Trd, 086198.183, 140
Trd, 086198.600, 140
Trd, 086198.833, 140
Trd, 086199.367, 140
Trd, 086199.733, 136
Trd, 086200.117, 131
Trd, 086200.267, 130
Trd, 086200.733, 124
Trd, 086200.950, 122
Trd, 086200.967, 128
Trd, 086201.100, 112
Trd, 086201.133, 120
Trd, 086201.883, 122
Trd, 086202.117, 125
Trd, 086202.367, 124
Trd, 086202.567, 127
Trd, 086202.583, 123
Trd, 086202.833, 122
Trd, 086203.150, 123
Trd, 086204.100, 140
Trd, 086204.117, 140
Trd, 086204.300, 126
Trd, 086204.750, 127
Trd, 086205.300, 140
Trd, 086205.350, 123
Trd, 086205.717, 118
Trd, 086205.867, 118
Trd, 086206.367, 140
Trd, 086206.467, 140
Trd, 086206.633, 129
Trd, 086206.767, 120
Trd, 086207.083, 120
Trd, 086207.700, 133
Trd, 086207.883, 117
Trd, 086208.017, 115
Trd, 086208.200, 107
Trd, 086208.317, 106
Trd, 086208.700, 133
Trd, 086209.217, 121
Trd, 086209.667, 140
Trd, 086209.750, 140
Trd, 086210.133, 140
Trd, 086210.150, 140
Trd, 086210.167, 140
Trd, 086210.633, 140
Trd, 086210.650, 134
Trd, 086211.417, 138
Trd, 086211.533, 136
Trd, 086211.617, 133
Trd, 086212.933, 140
Trd, 086212.983, 139
Trd, 086213.450, 140
Trd, 086213.467, 133
Trd, 086213.700, 137
Trd, 086214.200, 140
Trd, 086214.517, 135
Trd, 086214.533, 124
Trd, 086214.800, 139
Trd, 086215.417, 138
Trd, 086215.633, 132
Trd, 086215.817, 132
Trd, 086216.200, 134
Trd, 086216.317, 134
Trd, 086216.367, 132
Trd, 086216.517, 132
Trd, 086216.633, 131
Trd, 086216.783, 135
Trd, 086217.200, 124
Trd, 086217.417, 138
Trd, 086217.467, 119
Trd, 086218.067, 140
Trd, 086218.300, 140
Trd, 086218.767, 140
Trd, 086218.933, 140
Trd, 086219.000, 133
Trd, 086219.317, 139
Trd, 086219.367, 120
Trd, 086219.417, 112
Trd, 086219.950, 115
Trd, 086220.067, 120
Trd, 086220.633, 117
Trd, 086220.733, 116
Trd, 086221.050, 104
Trd, 086221.150, 114
Trd, 086221.683, 115
Trd, 086221.917, 113
Trd, 086221.967, 122
Trd, 086222.017, 111
Trd, 086222.383, 140
Trd, 086222.500, 133
Trd, 086223.633, 138
Trd, 086224.700, 135
Trd, 086224.817, 134
Trd, 086225.367, 137
Trd, 086225.467, 137
Trd, 086225.917, 134
Trd, 086226.167, 134
Trd, 086226.183, 133
Trd, 086226.350, 127
Trd, 086226.617, 132
Trd, 086227.033, 125
Trd, 086227.200, 121
Trd, 086227.383, 137
Trd, 086227.500, 120
Trd, 086228.050, 136
Trd, 086228.533, 139
Trd, 086228.733, 134
Trd, 086229.067, 138
Trd, 086229.350, 127
Trd, 086229.783, 126
Trd, 086229.900, 129
Trd, 086230.233, 126
Trd, 086230.367, 123
Trd, 086230.717, 123
Trd, 086230.783, 122
Trd, 086230.967, 127
Trd, 086231.550, 121
Trd, 086232.050, 136
Trd, 086232.083, 137
Trd, 086232.317, 119
Trd, 086232.617, 113
Trd, 086232.950, 125
Trd, 086233.033, 115
Trd, 086233.050, 106
Trd, 086233.467, 134
Trd, 086234.217, 126
Trd, 086234.333, 125
Trd, 086234.450, 124
Trd, 086234.750, 131
Trd, 086234.817, 115
Trd, 086234.950, 128
Trd, 086235.167, 114
Trd, 086235.567, 140
Trd, 086236.583, 126
Trd, 086236.983, 126
Trd, 086237.317, 122
Trd, 086237.483, 121
Trd, 086237.583, 125
Trd, 086238.033, 122
Trd, 086238.433, 134
Trd, 086238.617, 121
Trd, 086238.850, 128
Trd, 086238.967, 114
Trd, 086239.400, 140
Trd, 086239.467, 120
Trd, 086240.133, 138
Trd, 086240.567, 140
Trd, 086240.583, 140
Trd, 086240.750, 140
Trd, 086240.833, 140
Trd, 086240.850, 133
Trd, 086241.000, 123
Trd, 086242.167, 130
Trd, 086242.367, 136
Trd, 086242.483, 126
Trd, 086243.117, 124
Trd, 086243.717, 123
Trd, 086243.783, 133
Trd, 086244.583, 140
Trd, 086244.600, 140
Trd, 086244.667, 140
Trd, 086245.033, 140
Trd, 086245.200, 138
Trd, 086245.417, 134
Trd, 086245.750, 123
Trd, 086245.967, 122
Trd, 086246.067, 139
Trd, 086246.133, 113
Trd, 086246.167, 112
Trd, 086246.950, 114
Trd, 086247.350, 140
Trd, 086247.650, 140
Trd, 086247.967, 138
Trd, 086248.033, 137
Trd, 086248.600, 137
Trd, 086248.733, 137
Trd, 086248.783, 136
Trd, 086249.817, 124
Trd, 086249.933, 124
Trd, 086250.000, 133
Trd, 086250.200, 121
Trd, 086250.533, 129
Trd, 086250.833, 133
Trd, 086251.500, 125
Trd, 086251.617, 124
Trd, 086251.700, 119
Trd, 086251.833, 118
Trd, 086251.950, 131
Trd, 086252.250, 128
Trd, 086252.733, 139
Trd, 086253.267, 123
Trd, 086253.400, 122
Trd, 086253.500, 121
Trd, 086254.500, 140
Trd, 086254.617, 140
Trd, 086255.083, 140
Trd, 086255.700, 140
Trd, 086255.917, 140
Trd, 086256.433, 134
Trd, 086256.600, 140
Trd, 086256.850, 140
Trd, 086256.917, 139
Trd, 086257.683, 135
Trd, 086258.250, 133
Trd, 086258.500, 127
Trd, 086258.650, 131
Trd, 086258.850, 116
Trd, 086259.450, 133
Trd, 086259.867, 124
Trd, 086259.967, 123
Trd, 086260.133, 123
Trd, 086260.350, 125
Trd, 086260.450, 122
Trd, 086260.683, 121
Trd, 086260.717, 121
Trd, 086260.767, 128
Trd, 086261.217, 132
Trd, 086261.283, 121
Trd, 086261.567, 135
Trd, 086261.633, 115
Trd, 086262.050, 122
Trd, 086262.267, 112
Trd, 086262.500, 102
Trd, 086263.050, 138
Trd, 086263.317, 118
Trd, 086263.400, 117
Trd, 086263.783, 134
Trd, 086264.983, 140
Trd, 086265.150, 140
Trd, 086265.250, 140
Trd, 086265.400, 140
Trd, 086266.667, 140
Trd, 086267.183, 140
Trd, 086267.500, 140
Trd, 086267.517, 140
Trd, 086267.600, 140
Trd, 086267.683, 139
Trd, 086268.817, 140
Trd, 086269.033, 140
Trd, 086269.133, 140
Trd, 086269.667, 140
Trd, 086269.850, 133
Trd, 086269.883, 132
Trd, 086270.050, 121
Trd, 086270.750, 129
Trd, 086270.817, 139
Trd, 086270.933, 129
Trd, 086270.983, 127
Trd, 086271.750, 123
Trd, 086271.900, 139
Trd, 086272.533, 125
Trd, 086272.733, 137
Trd, 086272.783, 126
Trd, 086272.800, 125
Trd, 086273.033, 124
Trd, 086273.150, 128
Trd, 086273.300, 118
Trd, 086273.800, 134
Trd, 086274.100, 136
Trd, 086274.350, 135
Trd, 086274.367, 134
Trd, 086274.917, 133
Trd, 086275.217, 133
Trd, 086275.450, 119
Trd, 086275.583, 118
Trd, 086275.750, 132
Trd, 086275.800, 107
Trd, 086275.967, 135
Trd, 086276.017, 104
Trd, 086276.250, 103
Trd, 086276.700, 108
Trd, 086277.267, 113
Trd, 086277.583, 133
Trd, 086278.217, 132
Trd, 086279.600, 140
Trd, 086280.467, 140
Trd, 086280.617, 140
Trd, 086280.967, 140
Trd, 086280.983, 140
Trd, 086281.133, 140
Trd, 086281.150, 140
Trd, 086281.517, 132
Trd, 086282.000, 132
Trd, 086282.200, 139
Trd, 086282.517, 124
Trd, 086282.683, 121
Trd, 086282.733, 139
Trd, 086283.367, 137
Trd, 086283.817, 120
Trd, 086283.967, 120
Trd, 086284.500, 132
Trd, 086284.600, 139
Trd, 086284.650, 122
Trd, 086284.833, 122
Trd, 086285.317, 120
Trd, 086285.433, 115
Trd, 086285.500, 109
Trd, 086285.583, 107
Trd, 086285.633, 104
Trd, 086285.783, 112
Trd, 086285.817, 118
Trd, 086285.950, 127
Trd, 086286.900, 98
Trd, 086287.000, 88
Trd, 086287.167, 138
Trd, 086287.250, 117
Trd, 086287.333, 98
Trd, 086288.067, 137
Trd, 086288.300, 135
Trd, 086288.733, 137
Trd, 086289.333, 136
Trd, 086289.533, 136
Trd, 086289.583, 135
Trd, 086289.717, 135
Trd, 086290.400, 132
Trd, 086290.917, 140
Trd, 086291.167, 140
Trd, 086291.300, 140
Trd, 086291.350, 133
Trd, 086291.717, 132
Trd, 086292.317, 129
Trd, 086292.633, 138
Trd, 086293.183, 135
Trd, 086293.267, 123
Trd, 086293.800, 122
Trd, 086293.883, 122
Trd, 086294.017, 119
Trd, 086294.117, 132
Trd, 086294.683, 123
Trd, 086294.983, 135
Trd, 086295.300, 131
Trd, 086295.850, 129
Trd, 086296.083, 130
Trd, 086296.750, 132
Trd, 086296.783, 131
Trd, 086296.833, 131
Trd, 086297.500, 122
Trd, 086297.933, 137
Trd, 086298.200, 131
Trd, 086298.300, 114
Trd, 086298.400, 139
Trd, 086299.250, 136
Trd, 086299.267, 135
Trd, 086299.300, 130
Trd, 086299.783, 140
Trd, 086300.317, 131
Trd, 086300.417, 130
Trd, 086300.983, 140
Trd, 086301.050, 140
Trd, 086301.117, 115
Trd, 086301.733, 131
Trd, 086302.250, 117
Trd, 086302.600, 116
Trd, 086302.917, 135
Trd, 086303.350, 131
Trd, 086303.600, 140
Trd, 086303.850, 140
Trd, 086304.300, 139
Trd, 086304.850, 140
Trd, 086304.933, 140
Trd, 086305.533, 140
Trd, 086305.583, 140
Trd, 086305.683, 139
Trd, 086305.750, 138
Trd, 086306.233, 135
Trd, 086306.250, 131
Trd, 086306.417, 129
Trd, 086306.867, 131
Trd, 086307.217, 140
Trd, 086307.367, 140
Trd, 086307.783, 140
Trd, 086308.100, 140
Trd, 086308.267, 140
Trd, 086308.450, 132
Trd, 086308.733, 127
Trd, 086308.883, 126
Trd, 086309.433, 140
Trd, 086309.717, 139
Trd, 086309.733, 138
Trd, 086310.867, 138
Trd, 086311.283, 133
Trd, 086311.450, 131
Trd, 086311.517, 130
Trd, 086311.933, 135
Trd, 086312.100, 140
Trd, 086312.150, 132
Trd, 086312.233, 132
Trd, 086312.433, 129
Trd, 086312.633, 126
Trd, 086312.917, 138
Trd, 086313.933, 130
Trd, 086314.000, 128
Trd, 086314.283, 137
Trd, 086314.333, 132
Trd, 086314.450, 125
Trd, 086315.267, 131
Trd, 086315.417, 127
Trd, 086315.567, 133
Trd, 086315.683, 136
Trd, 086315.900, 127
Trd, 086316.267, 126
Trd, 086316.950, 116
Trd, 086316.983, 131
Trd, 086317.583, 140
Trd, 086317.600, 133
Trd, 086317.683, 115
Trd, 086317.967, 123
Trd, 086318.150, 119
Trd, 086318.300, 117
Trd, 086319.100, 117
Trd, 086319.200, 113
Trd, 086319.600, 105
Trd, 086319.667, 129
Trd, 086319.767, 104
Trd, 086320.033, 125
Trd, 086320.050, 111
Trd, 086320.500, 139
Trd, 086321.333, 135
Trd, 086321.500, 136
Trd, 086321.550, 134
Trd, 086321.967, 137
Trd, 086322.000, 132
Trd, 086322.083, 140
Trd, 086322.250, 131
Trd, 086322.500, 120
Trd, 086323.117, 135
Trd, 086323.333, 137
Trd, 086323.933, 125
Trd, 086324.317, 123
Trd, 086324.350, 121
Trd, 086324.400, 127
Trd, 086325.117, 140
Trd, 086325.583, 133
Trd, 086325.933, 131
Trd, 086326.300, 112
Trd, 086326.400, 108
Trd, 086326.550, 132
Trd, 086326.667, 105
Trd, 086326.883, 104
Trd, 086327.267, 131
Trd, 086327.550, 109
Trd, 086327.650, 127
Trd, 086327.667, 108
Trd, 086328.017, 107
Trd, 086328.067, 101
Trd, 086328.200, 133
Trd, 086328.450, 117
Trd, 086328.917, 126
Trd, 086328.983, 124
Trd, 086329.017, 123
Trd, 086329.500, 125
Trd, 086329.783, 126
Trd, 086330.517, 129
Trd, 086330.917, 125
Trd, 086331.000, 134
Trd, 086331.067, 133
Trd, 086331.283, 122
Trd, 086331.467, 135
Trd, 086331.567, 128
Trd, 086331.750, 122
Trd, 086331.950, 127
Trd, 086332.833, 140
Trd, 086332.950, 140
Trd, 086333.017, 140
Trd, 086333.933, 140
Trd, 086334.083, 140
Trd, 086334.617, 140
Trd, 086334.767, 140
Trd, 086335.067, 140
Trd, 086335.083, 140
Trd, 086335.217, 140
Trd, 086335.283, 140
Trd, 086336.050, 128
Trd, 086336.800, 123
Trd, 086337.233, 134
Trd, 086337.617, 133
Trd, 086337.700, 127
Trd, 086338.233, 140
Trd, 086338.733, 137
Trd, 086338.833, 137
Trd, 086339.067, 125
Trd, 086339.333, 125
Trd, 086339.917, 122
Trd, 086339.950, 121
Trd, 086340.367, 125
Trd, 086340.533, 114
Trd, 086340.717, 114
Trd, 086341.033, 132
Trd, 086341.067, 113
Trd, 086341.133, 110
Trd, 086341.167, 133
Trd, 086341.633, 110
Trd, 086341.983, 109
Trd, 086342.433, 131
Trd, 086342.683, 110
Trd, 086343.417, 115
Trd, 086344.017, 140
Trd, 086344.350, 140
Trd, 086344.517, 139
Trd, 086344.533, 139
Trd, 086345.083, 140
Trd, 086345.300, 132
Trd, 086345.433, 132
Trd, 086345.533, 124
Trd, 086345.650, 130
Trd, 086345.717, 132
Trd, 086346.717, 120
Trd, 086347.200, 124
Trd, 086347.750, 121
Trd, 086347.883, 126
Trd, 086347.950, 131
Trd, 086348.150, 135
Trd, 086348.300, 120
Trd, 086348.367, 119
Trd, 086348.683, 130
Trd, 086349.000, 112
Trd, 086349.283, 106
Trd, 086349.317, 105
Trd, 086349.633, 104
Trd, 086349.733, 102
Trd, 086350.150, 102
Trd, 086350.867, 104
Trd, 086350.933, 101
Trd, 086351.067, 88
Trd, 086351.217, 140
Trd, 086351.383, 117
Trd, 086352.383, 139
Trd, 086352.700, 132
Trd, 086353.500, 140
Trd, 086353.600, 140
Trd, 086353.950, 135
Trd, 086354.250, 134
Trd, 086354.383, 120
Trd, 086354.583, 117
Trd, 086354.733, 127
Trd, 086354.967, 130
Trd, 086355.033, 124
Trd, 086355.467, 129
Trd, 086355.900, 130
Trd, 086355.917, 136
Trd, 086356.333, 122
Trd, 086356.417, 120
Trd, 086356.733, 119
Trd, 086356.833, 127
Trd, 086356.933, 131
Trd, 086357.233, 119
Trd, 086357.300, 119
Trd, 086357.417, 113
Trd, 086357.633, 127
Trd, 086358.050, 138
Trd, 086358.283, 140
Trd, 086359.183, 139
Trd, 086359.550, 140
Trd, 086359.567, 136
Trd, 086360.183, 135
Trd, 086360.283, 136
Trd, 086360.550, 134
Trd, 086361.183, 140
Trd, 086361.350, 140
Trd, 086361.817, 140
Trd, 086362.417, 140
Trd, 086362.633, 140
Trd, 086362.683, 140
Trd, 086362.833, 139
Trd, 086363.650, 140
Trd, 086364.083, 140
Trd, 086364.517, 140
Trd, 086364.583, 140
Trd, 086364.967, 133
Trd, 086365.450, 137
Trd, 086365.500, 128
Trd, 086365.533, 127
Trd, 086365.650, 127
Trd, 086365.767, 122
Trd, 086365.833, 118
Trd, 086365.850, 124
Trd, 086365.900, 116
Trd, 086366.117, 111
Trd, 086366.233, 99
Trd, 086366.567, 132
Trd, 086366.617, 100
Trd, 086367.417, 129
Trd, 086367.567, 131
Trd, 086367.717, 109
Trd, 086368.067, 107
Trd, 086368.367, 112
Trd, 086368.700, 129
Trd, 086369.067, 93
Trd, 086369.100, 111
Trd, 086369.117, 92
Trd, 086369.417, 112
Trd, 086369.517, 85
Trd, 086369.783, 92
Trd, 086369.883, 92
Trd, 086370.283, 93
Trd, 086370.333, 92
Trd, 086370.433, 113
Trd, 086370.850, 99
Trd, 086371.167, 99
Trd, 086371.217, 95
Trd, 086371.633, 134
Trd, 086371.733, 116
Trd, 086372.133, 124
Trd, 086372.517, 119
Trd, 086372.950, 126
Trd, 086373.167, 129
Trd, 086373.300, 131
Trd, 086373.650, 121
Trd, 086374.017, 120
Trd, 086374.250, 117
Trd, 086375.133, 114
Trd, 086375.267, 135
Trd, 086375.283, 98
Trd, 086375.800, 100
Trd, 086376.033, 107
Trd, 086377.150, 123
Trd, 086377.217, 124
Trd, 086377.417, 128
Trd, 086377.617, 123
Trd, 086377.733, 130
Trd, 086378.100, 126
Trd, 086378.117, 122
Trd, 086378.400, 130
Trd, 086378.733, 116
Trd, 086378.817, 113
Trd, 086378.833, 121
Trd, 086379.283, 107
Trd, 086379.383, 106
Trd, 086379.683, 120
Trd, 086380.033, 116
Trd, 086380.117, 106
Trd, 086380.283, 122
Trd, 086380.433, 107
Trd, 086380.917, 106
Trd, 086381.200, 134
Trd, 086381.250, 108
Trd, 086381.350, 135
Trd, 086381.683, 121
Trd, 086381.733, 110
Trd, 086382.183, 110
Trd, 086382.217, 109
Trd, 086382.733, 114
Trd, 086382.767, 107
Trd, 086383.200, 129
Trd, 086383.917, 125
Trd, 086384.083, 125
Trd, 086384.700, 127
Trd, 086384.767, 106
Trd, 086385.017, 106
Trd, 086385.250, 109
Trd, 086385.533, 127
Trd, 086386.250, 128
Trd, 086386.633, 140
Trd, 086386.683, 124
Trd, 086387.017, 126
Trd, 086387.333, 126
Trd, 086387.667, 140
Trd, 086387.767, 139
Trd, 086387.900, 125
Trd, 086388.217, 140
Trd, 086389.367, 130
Trd, 086389.750, 129
Trd, 086389.833, 127
Trd, 086389.883, 126
Trd, 086389.900, 117
Trd, 086390.200, 134
Trd, 086390.400, 133
Trd, 086390.983, 114
Trd, 086391.233, 136
Trd, 086391.250, 139
Trd, 086391.733, 129
Trd, 086391.883, 125
Trd, 086392.083, 123
Trd, 086392.600, 133
Trd, 086392.883, 126
Trd, 086393.533, 135
Trd, 086393.750, 134
Trd, 086393.950, 129
Trd, 086394.600, 128
Trd, 086395.083, 140
Trd, 086395.183, 130
Trd, 086395.433, 133
Trd, 086395.633, 129
Trd, 086395.650, 126
Trd, 086395.667, 125
Trd, 086395.900, 121
Trd, 086396.150, 120
Trd, 086396.383, 132
Trd, 086396.600, 116
Trd, 086396.767, 133
Trd, 086397.117, 136
Trd, 086397.383, 140
Trd, 086397.883, 136
Trd, 086398.100, 134
Trd, 086398.400, 131
Trd, 086398.733, 130
Trd, 086398.750, 128
Trd, 086399.167, 129
Trd, 086399.350, 128
