Trd, 085771.367, 120
Trd, 085771.500, 140
Trd, 085771.733, 139
Trd, 085772.250, 118
Trd, 085772.483, 110
Trd, 085772.833, 110
Trd, 085772.850, 105
Trd, 085773.533, 140
Trd, 085773.867, 138
Trd, 085774.467, 138
Trd, 085774.667, 136
Trd, 085774.750, 139
Trd, 085775.967, 122
Trd, 085776.017, 140
Trd, 085776.067, 135
Trd, 085776.150, 119
Trd, 085776.250, 118
Trd, 085776.650, 136
Trd, 085777.117, 132
Trd, 085777.183, 129
Trd, 085777.667, 121
Trd, 085777.750, 118
Trd, 085777.883, 133
Trd, 085778.133, 131
Trd, 085778.350, 130
Trd, 085778.633, 130
Trd, 085779.333, 133
Trd, 085779.400, 133
Trd, 085779.717, 133
Trd, 085779.883, 136
Trd, 085779.900, 137
Trd, 085780.500, 133
Trd, 085781.200, 140
Trd, 085781.233, 126
Trd, 085781.350, 124
Trd, 085781.367, 122
Trd, 085781.567, 122
Trd, 085782.217, 140
Trd, 085782.317, 139
Trd, 085782.533, 133
Trd, 085782.633, 131
Trd, 085782.983, 121
Trd, 085783.033, 105
Trd, 085783.217, 127
Trd, 085783.417, 139
Trd, 085783.817, 140
Trd, 085783.983, 140
Trd, 085784.050, 138
Trd, 085784.133, 132
Trd, 085784.333, 127
Trd, 085785.300, 138
Trd, 085785.350, 138
Trd, 085785.750, 137
Trd, 085785.917, 128
Trd, 085785.967, 139
Trd, 085786.267, 115
Trd, 085786.317, 140
Trd, 085786.917, 123
Trd, 085787.100, 122
Trd, 085787.300, 109
Trd, 085787.833, 129
Trd, 085788.117, 137
Trd, 085788.267, 136
Trd, 085788.400, 140
Trd, 085788.567, 135
Trd, 085788.750, 134
Trd, 085789.083, 124
Trd, 085789.283, 130
Trd, 085789.850, 128
Trd, 085790.050, 123
Trd, 085790.667, 125
Trd, 085790.900, 129
Trd, 085791.150, 139
Trd, 085791.383, 126
Trd, 085791.633, 140
Trd, 085792.083, 140
Trd, 085792.150, 140
Trd, 085792.450, 140
Trd, 085792.683, 140
Trd, 085792.883, 138
Trd, 085793.017, 123
Trd, 085793.150, 127
Trd, 085793.183, 117
Trd, 085793.700, 110
Trd, 085793.883, 128
Trd, 085794.100, 140
Trd, 085794.167, 109
Trd, 085795.033, 138
Trd, 085795.067, 126
Trd, 085795.117, 117
Trd, 085795.167, 134
Trd, 085795.217, 140
Trd, 085796.467, 140
Trd, 085796.800, 140
Trd, 085796.950, 139
Trd, 085797.000, 136
Trd, 085797.283, 135
Trd, 085797.433, 116
Trd, 085797.567, 115
Trd, 085797.983, 123
Trd, 085798.467, 109
Trd, 085799.033, 124
Trd, 085799.483, 122
Trd, 085799.633, 128
Trd, 085800.200, 128
Trd, 085800.217, 130
Trd, 085800.767, 127
Trd, 085801.100, 137
Trd, 085801.333, 138
Trd, 085801.367, 136
Trd, 085801.517, 140
Trd, 085801.800, 124
Trd, 085801.917, 118
Trd, 085802.167, 140
Trd, 085802.283, 116
Trd, 085802.317, 115
Trd, 085802.467, 115
Trd, 085802.650, 128
Trd, 085802.700, 138
Trd, 085803.367, 103
Trd, 085803.450, 104
Trd, 085803.883, 125
Trd, 085803.967, 108
Trd, 085804.067, 136
Trd, 085804.200, 103
Trd, 085804.517, 95
Trd, 085804.933, 140
Trd, 085805.050, 139
Trd, 085805.450, 138
Trd, 085805.700, 130
Trd, 085805.883, 112
Trd, 085805.967, 111
Trd, 085806.133, 96
Trd, 085806.400, 127
Trd, 085806.483, 104
Trd, 085806.650, 139
Trd, 085806.900, 108
Trd, 085807.400, 140
Trd, 085807.600, 140
Trd, 085807.733, 139
Trd, 085807.817, 133
Trd, 085808.617, 136
Trd, 085809.250, 140
Trd, 085809.350, 135
Trd, 085809.450, 110
Trd, 085810.533, 140
Trd, 085810.833, 140
Trd, 085810.883, 140
Trd, 085811.183, 140
Trd, 085811.400, 140
Trd, 085811.700, 140
Trd, 085811.717, 134
Trd, 085812.083, 140
Trd, 085812.150, 125
Trd, 085812.283, 129
Trd, 085812.367, 117
Trd, 085812.667, 105
Trd, 085812.683, 117
Trd, 085812.750, 118
Trd, 085813.017, 98
Trd, 085813.267, 135
Trd, 085813.450, 131
Trd, 085814.000, 112
Trd, 085814.233, 115
Trd, 085814.383, 133
Trd, 085814.683, 135
Trd, 085815.117, 121
Trd, 085815.200, 110
Trd, 085815.433, 108
Trd, 085816.200, 130
Trd, 085816.417, 140
Trd, 085816.667, 122
Trd, 085817.050, 125
Trd, 085817.233, 127
Trd, 085817.500, 128
Trd, 085817.667, 118
Trd, 085817.783, 119
Trd, 085817.950, 118
Trd, 085818.383, 128
Trd, 085818.683, 117
Trd, 085818.967, 138
Trd, 085819.150, 136
Trd, 085819.483, 104
Trd, 085819.583, 92
Trd, 085820.050, 130
Trd, 085820.233, 140
Trd, 085820.917, 128
Trd, 085821.017, 129
Trd, 085822.250, 140
Trd, 085822.350, 134
Trd, 085822.500, 133
Trd, 085822.533, 131
Trd, 085822.783, 130
Trd, 085822.833, 130
Trd, 085822.850, 126
Trd, 085823.017, 134
Trd, 085823.317, 132
Trd, 085823.517, 135
Trd, 085824.117, 122
Trd, 085824.500, 135
Trd, 085825.233, 140
Trd, 085825.400, 140
Trd, 085825.817, 140
Trd, 085825.933, 140
Trd, 085825.950, 134
Trd, 085826.650, 138
Trd, 085826.900, 140
Trd, 085827.083, 138
Trd, 085827.350, 137
Trd, 085827.483, 136
Trd, 085827.667, 118
Trd, 085827.783, 110
Trd, 085827.900, 115
Trd, 085828.517, 104
Trd, 085828.600, 135
Trd, 085828.733, 119
Trd, 085828.883, 117
Trd, 085828.933, 137
Trd, 085829.383, 121
Trd, 085829.483, 140
Trd, 085829.767, 140
Trd, 085829.800, 133
Trd, 085830.183, 140
Trd, 085830.233, 138
Trd, 085830.333, 115
Trd, 085830.433, 140
Trd, 085830.517, 125
Trd, 085830.883, 108
Trd, 085831.817, 136
Trd, 085832.083, 96
Trd, 085832.283, 95
Trd, 085832.733, 140
Trd, 085833.167, 135
Trd, 085833.217, 125
Trd, 085833.367, 98
Trd, 085833.667, 124
Trd, 085834.233, 117
Trd, 085834.317, 115
Trd, 085834.333, 108
Trd, 085834.433, 128
Trd, 085835.217, 115
Trd, 085835.267, 99
Trd, 085835.300, 95
Trd, 085835.450, 124
Trd, 085835.833, 104
Trd, 085835.850, 86
Trd, 085835.867, 81
Trd, 085836.317, 124
Trd, 085836.783, 123
Trd, 085836.867, 120
Trd, 085837.183, 129
Trd, 085837.617, 130
Trd, 085837.733, 119
Trd, 085837.817, 139
Trd, 085837.833, 137
Trd, 085838.033, 126
Trd, 085838.100, 131
Trd, 085838.400, 114
Trd, 085838.533, 112
Trd, 085839.083, 130
Trd, 085839.133, 112
Trd, 085839.333, 129
Trd, 085839.367, 131
Trd, 085839.417, 134
Trd, 085839.433, 128
Trd, 085839.800, 103
Trd, 085840.217, 135
Trd, 085840.583, 137
Trd, 085840.983, 128
Trd, 085841.283, 126
Trd, 085841.350, 111
Trd, 085841.583, 100
Trd, 085841.683, 98
Trd, 085842.067, 118
Trd, 085842.633, 104
Trd, 085842.783, 101
Trd, 085843.117, 126
Trd, 085843.150, 120
Trd, 085843.183, 100
Trd, 085843.650, 133
Trd, 085844.533, 139
Trd, 085844.850, 127
Trd, 085845.617, 132
Trd, 085845.650, 131
Trd, 085846.100, 131
Trd, 085846.250, 122
Trd, 085846.333, 132
Trd, 085846.450, 136
Trd, 085846.717, 122
Trd, 085847.133, 134
Trd, 085847.250, 137
Trd, 085847.317, 121
Trd, 085847.433, 132
Trd, 085847.817, 119
Trd, 085847.983, 121
Trd, 085848.467, 108
Trd, 085848.483, 121
Trd, 085848.550, 107
Trd, 085848.983, 120
Trd, 085849.233, 120
Trd, 085849.517, 134
Trd, 085849.583, 119
Trd, 085850.500, 135
Trd, 085850.567, 113
Trd, 085850.783, 139
Trd, 085851.000, 116
Trd, 085851.017, 109
Trd, 085851.267, 140
Trd, 085851.317, 96
Trd, 085851.750, 95
Trd, 085852.200, 95
Trd, 085852.317, 107
Trd, 085852.383, 95
Trd, 085852.617, 94
Trd, 085852.783, 107
Trd, 085853.167, 133
Trd, 085853.217, 102
Trd, 085853.467, 109
Trd, 085853.600, 114
Trd, 085853.683, 95
Trd, 085853.833, 121
Trd, 085854.050, 122
Trd, 085854.317, 128
Trd, 085854.667, 139
Trd, 085855.000, 140
Trd, 085855.133, 120
Trd, 085855.517, 116
Trd, 085855.567, 113
Trd, 085855.600, 122
Trd, 085855.950, 113
Trd, 085856.383, 113
Trd, 085856.633, 122
Trd, 085856.750, 103
Trd, 085856.950, 95
Trd, 085857.167, 140
Trd, 085857.400, 132
Trd, 085857.483, 94
Trd, 085857.583, 127
Trd, 085857.867, 138
Trd, 085858.233, 127
Trd, 085858.900, 136
Trd, 085859.017, 135
Trd, 085859.083, 115
Trd, 085859.500, 139
Trd, 085859.717, 137
Trd, 085859.967, 119
Trd, 085860.133, 118
Trd, 085860.250, 115
Trd, 085860.383, 120
Trd, 085860.433, 112
Trd, 085861.083, 140
Trd, 085861.100, 140
Trd, 085861.383, 140
Trd, 085861.617, 140
Trd, 085862.083, 139
Trd, 085862.117, 137
Trd, 085862.167, 136
Trd, 085862.333, 118
Trd, 085862.500, 138
Trd, 085862.617, 118
Trd, 085863.050, 111
Trd, 085863.717, 134
Trd, 085864.017, 135
Trd, 085864.033, 134
Trd, 085864.117, 130
Trd, 085864.733, 140
Trd, 085865.167, 123
Trd, 085865.183, 122
Trd, 085865.217, 119
Trd, 085865.267, 119
Trd, 085865.467, 102
Trd, 085865.867, 117
Trd, 085866.917, 139
Trd, 085866.933, 139
Trd, 085867.217, 138
Trd, 085867.250, 131
Trd, 085867.350, 137
Trd, 085867.367, 130
Trd, 085868.050, 127
Trd, 085868.067, 126
Trd, 085868.367, 129
Trd, 085868.483, 128
Trd, 085868.817, 134
Trd, 085869.517, 135
Trd, 085869.567, 129
Trd, 085869.783, 124
Trd, 085869.800, 120
Trd, 085870.617, 140
Trd, 085870.717, 140
Trd, 085870.733, 140
Trd, 085871.167, 139
Trd, 085871.317, 135
Trd, 085871.367, 132
Trd, 085872.417, 135
Trd, 085872.450, 133
Trd, 085872.567, 121
Trd, 085872.600, 116
Trd, 085872.733, 125
Trd, 085873.217, 139
Trd, 085873.617, 138
Trd, 085873.717, 139
Trd, 085873.883, 133
Trd, 085873.950, 120
Trd, 085873.967, 116
Trd, 085874.100, 115
Trd, 085874.950, 140
Trd, 085875.083, 140
Trd, 085875.150, 114
Trd, 085875.383, 139
Trd, 085875.983, 139
Trd, 085876.400, 140
Trd, 085876.633, 140
Trd, 085877.383, 133
Trd, 085877.483, 132
Trd, 085877.517, 128
Trd, 085877.583, 133
Trd, 085878.033, 135
Trd, 085878.233, 133
Trd, 085878.250, 136
Trd, 085878.317, 117
Trd, 085878.433, 140
Trd, 085878.467, 137
Trd, 085878.500, 107
Trd, 085879.050, 119
Trd, 085879.550, 125
Trd, 085879.650, 114
Trd, 085879.767, 129
Trd, 085880.233, 129
Trd, 085880.283, 121
Trd, 085880.583, 131
Trd, 085881.000, 140
Trd, 085881.567, 140
Trd, 085881.767, 115
Trd, 085881.983, 111
Trd, 085882.283, 110
Trd, 085882.400, 138
Trd, 085882.417, 107
Trd, 085882.883, 140
Trd, 085882.967, 140
Trd, 085883.183, 140
Trd, 085883.667, 140
Trd, 085883.767, 137
Trd, 085884.150, 139
Trd, 085884.583, 130
Trd, 085884.633, 128
Trd, 085884.717, 124
Trd, 085884.950, 121
Trd, 085885.283, 125
Trd, 085885.317, 131
Trd, 085885.583, 112
Trd, 085885.750, 117
Trd, 085885.850, 111
Trd, 085886.533, 101
Trd, 085886.633, 118
Trd, 085886.700, 99
Trd, 085886.750, 100
Trd, 085886.983, 125
Trd, 085887.067, 126
Trd, 085887.400, 135
Trd, 085887.483, 139
Trd, 085887.550, 114
Trd, 085887.667, 134
Trd, 085887.800, 137
Trd, 085888.250, 100
Trd, 085888.400, 93
Trd, 085888.600, 85
Trd, 085888.933, 117
Trd, 085889.633, 81
Trd, 085889.650, 80
Trd, 085889.900, 104
Trd, 085890.133, 119
Trd, 085890.383, 61
Trd, 085890.417, 72
Trd, 085890.633, 140
Trd, 085890.933, 140
Trd, 085891.000, 140
Trd, 085892.300, 140
Trd, 085892.533, 139
Trd, 085892.633, 138
Trd, 085892.733, 134
Trd, 085893.233, 140
Trd, 085893.267, 140
Trd, 085893.283, 135
Trd, 085893.683, 140
Trd, 085893.733, 134
Trd, 085893.883, 132
Trd, 085894.050, 136
Trd, 085894.700, 125
Trd, 085894.867, 122
Trd, 085894.950, 118
Trd, 085895.017, 117
Trd, 085895.283, 125
Trd, 085895.450, 101
Trd, 085896.150, 139
Trd, 085897.533, 140
Trd, 085897.817, 135
Trd, 085898.833, 134
Trd, 085898.867, 132
Trd, 085898.883, 131
Trd, 085898.967, 122
Trd, 085899.000, 120
Trd, 085899.150, 117
Trd, 085899.183, 131
Trd, 085899.283, 115
Trd, 085899.300, 114
Trd, 085899.817, 112
Trd, 085899.867, 110
Trd, 085899.950, 118
Trd, 085900.083, 135
Trd, 085900.367, 139
Trd, 085900.450, 129
Trd, 085901.183, 108
Trd, 085901.233, 96
Trd, 085901.500, 140
Trd, 085901.517, 99
Trd, 085901.633, 93
Trd, 085902.383, 124
Trd, 085902.450, 111
Trd, 085902.783, 99
Trd, 085902.933, 98
Trd, 085903.083, 98
Trd, 085903.100, 102
Trd, 085903.300, 135
Trd, 085903.400, 125
Trd, 085903.650, 140
Trd, 085904.200, 117
Trd, 085905.017, 121
Trd, 085905.133, 106
Trd, 085905.217, 122
Trd, 085905.267, 116
Trd, 085905.350, 98
Trd, 085905.417, 97
Trd, 085905.883, 140
Trd, 085906.083, 138
Trd, 085906.267, 116
Trd, 085906.550, 115
Trd, 085907.000, 102
Trd, 085907.100, 92
Trd, 085907.200, 125
Trd, 085907.817, 82
Trd, 085908.033, 107
Trd, 085908.117, 108
Trd, 085908.150, 109
Trd, 085908.900, 139
Trd, 085909.583, 134
Trd, 085910.133, 139
Trd, 085910.150, 135
Trd, 085910.233, 114
Trd, 085910.400, 139
Trd, 085910.867, 125
Trd, 085910.900, 116
Trd, 085912.083, 137
Trd, 085912.117, 134
Trd, 085912.550, 135
Trd, 085913.033, 140
Trd, 085913.550, 139
Trd, 085913.600, 139
Trd, 085913.683, 135
Trd, 085913.750, 139
Trd, 085914.000, 138
Trd, 085914.067, 134
Trd, 085914.217, 125
Trd, 085914.500, 138
Trd, 085914.733, 136
Trd, 085915.050, 133
Trd, 085915.117, 124
Trd, 085915.150, 128
Trd, 085915.267, 123
Trd, 085915.400, 117
Trd, 085915.417, 116
Trd, 085915.600, 111
Trd, 085916.017, 117
Trd, 085916.400, 112
Trd, 085916.417, 110
Trd, 085916.450, 129
Trd, 085916.633, 105
Trd, 085916.750, 127
Trd, 085916.800, 103
Trd, 085917.700, 140
Trd, 085917.800, 135
Trd, 085917.917, 134
Trd, 085917.950, 123
Trd, 085918.483, 126
Trd, 085918.567, 114
Trd, 085918.583, 114
Trd, 085919.217, 137
Trd, 085919.600, 140
Trd, 085919.767, 104
Trd, 085920.033, 94
Trd, 085920.383, 130
Trd, 085920.550, 135
Trd, 085921.417, 114
Trd, 085921.533, 121
Trd, 085921.600, 123
Trd, 085921.833, 134
Trd, 085921.950, 119
Trd, 085922.000, 118
Trd, 085922.633, 139
Trd, 085922.933, 139
Trd, 085922.967, 138
Trd, 085923.433, 137
Trd, 085923.533, 138
Trd, 085924.117, 138
Trd, 085924.150, 132
Trd, 085924.650, 129
Trd, 085924.867, 124
Trd, 085925.083, 123
Trd, 085925.483, 136
Trd, 085925.700, 138
Trd, 085925.833, 138
Trd, 085925.900, 135
Trd, 085925.967, 134
Trd, 085926.333, 136
Trd, 085926.583, 139
Trd, 085926.600, 138
Trd, 085926.900, 123
Trd, 085927.033, 122
Trd, 085927.733, 136
Trd, 085927.750, 137
Trd, 085928.767, 136
Trd, 085929.050, 117
Trd, 085929.150, 116
Trd, 085929.600, 139
Trd, 085929.667, 138
Trd, 085929.700, 137
Trd, 085930.117, 127
Trd, 085930.250, 127
Trd, 085930.583, 126
Trd, 085931.167, 140
Trd, 085931.217, 139
Trd, 085931.467, 136
Trd, 085931.500, 138
Trd, 085931.750, 126
Trd, 085931.767, 125
Trd, 085932.200, 108
Trd, 085932.600, 106
Trd, 085932.617, 121
Trd, 085933.650, 98
Trd, 085933.900, 129
Trd, 085934.117, 128
Trd, 085934.600, 129
Trd, 085934.617, 100
Trd, 085934.633, 97
Trd, 085935.050, 132
Trd, 085935.250, 128
Trd, 085935.450, 134
Trd, 085935.517, 139
Trd, 085935.633, 127
Trd, 085935.733, 110
Trd, 085935.967, 108
Trd, 085936.150, 128
Trd, 085936.667, 131
Trd, 085937.767, 140
Trd, 085938.000, 140
Trd, 085938.500, 127
Trd, 085938.583, 123
Trd, 085938.600, 115
Trd, 085938.683, 114
Trd, 085939.183, 123
Trd, 085939.333, 136
Trd, 085939.533, 133
Trd, 085939.783, 119
Trd, 085940.483, 140
Trd, 085940.800, 140
Trd, 085940.833, 139
Trd, 085940.883, 118
Trd, 085940.983, 116
Trd, 085942.050, 140
Trd, 085942.100, 140
Trd, 085942.350, 139
Trd, 085942.433, 136
Trd, 085942.867, 134
Trd, 085942.883, 133
Trd, 085942.900, 122
Trd, 085943.117, 140
Trd, 085944.100, 137
Trd, 085944.367, 137
Trd, 085944.917, 128
Trd, 085945.000, 122
Trd, 085945.317, 136
Trd, 085945.333, 122
Trd, 085945.750, 136
Trd, 085945.983, 116
Trd, 085946.083, 113
Trd, 085946.717, 136
Trd, 085947.500, 130
Trd, 085947.717, 121
Trd, 085947.733, 133
Trd, 085947.783, 120
Trd, 085947.883, 119
Trd, 085947.933, 104
Trd, 085948.033, 93
Trd, 085948.667, 92
Trd, 085948.717, 95
Trd, 085949.750, 140
Trd, 085949.833, 140
Trd, 085949.867, 139
Trd, 085950.233, 131
Trd, 085950.300, 128
Trd, 085950.433, 102
Trd, 085950.567, 108
Trd, 085950.650, 111
Trd, 085951.000, 117
Trd, 085951.300, 116
Trd, 085951.400, 104
Trd, 085951.767, 120
Trd, 085952.367, 140
Trd, 085952.383, 123
Trd, 085952.467, 122
Trd, 085952.617, 116
Trd, 085952.683, 110
Trd, 085953.133, 122
Trd, 085953.583, 136
Trd, 085953.700, 129
Trd, 085953.883, 140
Trd, 085954.567, 127
Trd, 085955.417, 134
Trd, 085955.650, 129
Trd, 085955.817, 139
Trd, 085955.967, 129
Trd, 085956.133, 140
Trd, 085956.567, 135
Trd, 085956.767, 140
Trd, 085957.017, 120
Trd, 085957.333, 140
Trd, 085957.567, 129
Trd, 085957.800, 140
Trd, 085958.100, 129
Trd, 085958.150, 128
Trd, 085958.500, 136
Trd, 085958.750, 110
Trd, 085959.050, 109
Trd, 085959.267, 96
Trd, 085959.700, 140
Trd, 085959.817, 119
Trd, 085959.867, 108
Trd, 085960.033, 137
Trd, 085960.200, 139
Trd, 085960.483, 138
Trd, 085960.567, 124
Trd, 085961.433, 140
Trd, 085961.550, 140
Trd, 085961.633, 140
Trd, 085961.717, 140
Trd, 085962.067, 138
Trd, 085962.850, 135
Trd, 085963.000, 134
Trd, 085963.467, 133
Trd, 085963.483, 132
Trd, 085963.817, 123
Trd, 085963.833, 124
Trd, 085964.033, 123
Trd, 085964.217, 126
Trd, 085964.383, 133
Trd, 085964.567, 111
Trd, 085965.133, 99
Trd, 085965.150, 99
Trd, 085965.750, 127
Trd, 085965.783, 113
Trd, 085965.850, 113
Trd, 085966.767, 139
Trd, 085967.233, 140
Trd, 085967.417, 140
Trd, 085967.450, 139
Trd, 085967.683, 138
Trd, 085968.133, 110
Trd, 085968.517, 128
Trd, 085968.633, 103
Trd, 085968.650, 90
Trd, 085968.850, 139
Trd, 085969.433, 127
Trd, 085969.733, 126
Trd, 085970.083, 127
Trd, 085970.167, 131
Trd, 085970.400, 131
Trd, 085970.467, 126
Trd, 085970.700, 133
Trd, 085970.783, 128
Trd, 085972.117, 140
Trd, 085973.017, 140
Trd, 085973.117, 140
Trd, 085973.150, 140
Trd, 085973.367, 140
Trd, 085973.750, 140
Trd, 085973.867, 138
Trd, 085973.883, 137
Trd, 085974.033, 137
Trd, 085974.050, 136
Trd, 085974.217, 135
Trd, 085974.550, 139
Trd, 085974.750, 129
Trd, 085974.867, 140
Trd, 085974.950, 113
Trd, 085975.033, 129
Trd, 085975.100, 106
Trd, 085975.900, 126
Trd, 085975.917, 129
Trd, 085975.950, 112
Trd, 085976.100, 92
Trd, 085976.533, 115
Trd, 085976.550, 130
Trd, 085977.050, 108
Trd, 085977.100, 106
Trd, 085977.350, 140
Trd, 085977.367, 140
Trd, 085977.417, 129
Trd, 085977.867, 140
Trd, 085977.967, 138
Trd, 085978.433, 132
Trd, 085978.517, 118
Trd, 085978.750, 122
Trd, 085978.833, 118
Trd, 085979.233, 116
Trd, 085979.450, 118
Trd, 085980.067, 112
Trd, 085980.167, 118
Trd, 085980.283, 119
Trd, 085980.833, 114
Trd, 085981.017, 113
Trd, 085981.267, 112
Trd, 085981.483, 105
Trd, 085981.500, 104
Trd, 085981.717, 117
Trd, 085981.917, 122
Trd, 085982.067, 115
Trd, 085982.133, 127
Trd, 085982.333, 133
Trd, 085982.383, 96
Trd, 085982.517, 99
Trd, 085982.750, 109
Trd, 085982.867, 140
Trd, 085983.467, 138
Trd, 085983.567, 131
Trd, 085984.150, 134
Trd, 085984.367, 139
Trd, 085984.400, 132
Trd, 085984.633, 131
Trd, 085984.833, 123
Trd, 085984.883, 122
Trd, 085984.983, 122
Trd, 085985.250, 129
Trd, 085986.017, 140
Trd, 085986.067, 134
Trd, 085986.833, 135
Trd, 085986.917, 134
Trd, 085987.233, 128
Trd, 085987.250, 121
Trd, 085987.600, 138
Trd, 085987.983, 131
Trd, 085988.317, 138
Trd, 085988.583, 129
Trd, 085988.717, 119
Trd, 085988.933, 120
Trd, 085989.500, 125
Trd, 085989.850, 102
Trd, 085989.917, 101
Trd, 085989.950, 124
Trd, 085990.083, 100
Trd, 085990.283, 125
Trd, 085990.767, 130
Trd, 085990.850, 129
Trd, 085991.483, 105
Trd, 085992.467, 140
Trd, 085992.667, 140
Trd, 085992.933, 123
Trd, 085993.033, 121
Trd, 085993.083, 138
Trd, 085993.417, 126
Trd, 085993.650, 123
Trd, 085993.817, 122
Trd, 085993.917, 124
Trd, 085994.350, 137
Trd, 085994.417, 135
Trd, 085994.467, 114
Trd, 085994.567, 111
Trd, 085994.600, 105
Trd, 085994.800, 97
Trd, 085995.067, 104
Trd, 085995.383, 140
Trd, 085995.750, 140
Trd, 085995.833, 136
Trd, 085996.150, 120
Trd, 085996.800, 126
Trd, 085996.833, 123
Trd, 085996.917, 122
Trd, 085997.167, 122
Trd, 085997.317, 113
Trd, 085997.783, 100
Trd, 085997.933, 117
Trd, 085997.983, 96
Trd, 085998.100, 123
Trd, 085998.517, 131
Trd, 085998.817, 126
Trd, 085998.867, 124
Trd, 085998.967, 123
Trd, 085999.200, 114
Trd, 085999.367, 118
Trd, 086000.200, 140
Trd, 086000.867, 132
Trd, 086001.050, 139
Trd, 086001.167, 139
Trd, 086001.250, 132
Trd, 086001.550, 139
Trd, 086001.583, 131
Trd, 086001.750, 131
Trd, 086001.883, 139
Trd, 086001.983, 132
Trd, 086002.333, 130
Trd, 086002.450, 140
Trd, 086003.650, 140
Trd, 086003.850, 139
Trd, 086003.950, 137
Trd, 086004.000, 138
Trd, 086004.133, 128
Trd, 086004.633, 132
Trd, 086005.033, 131
Trd, 086005.083, 115
Trd, 086005.333, 139
Trd, 086005.650, 114
Trd, 086005.833, 140
Trd, 086006.350, 128
Trd, 086006.517, 127
Trd, 086006.750, 117
Trd, 086006.850, 115
Trd, 086007.200, 135
Trd, 086007.250, 111
Trd, 086007.267, 96
Trd, 086007.533, 96
Trd, 086008.183, 101
Trd, 086008.417, 91
Trd, 086008.483, 92
Trd, 086008.550, 102
Trd, 086008.567, 104
Trd, 086008.767, 136
Trd, 086008.783, 135
Trd, 086009.650, 140
Trd, 086009.900, 140
Trd, 086010.233, 140
Trd, 086010.250, 140
Trd, 086010.833, 140
Trd, 086010.850, 140
Trd, 086010.983, 139
Trd, 086011.033, 127
Trd, 086011.650, 136
Trd, 086012.000, 137
Trd, 086012.117, 122
Trd, 086012.217, 122
Trd, 086012.350, 118
Trd, 086012.483, 132
Trd, 086012.850, 115
Trd, 086012.883, 82
Trd, 086013.350, 133
Trd, 086013.967, 119
Trd, 086014.150, 137
Trd, 086014.200, 116
Trd, 086014.383, 127
Trd, 086015.233, 121
Trd, 086015.483, 121
Trd, 086016.100, 129
Trd, 086016.133, 109
Trd, 086016.683, 140
Trd, 086016.717, 138
Trd, 086016.833, 140
Trd, 086017.067, 113
Trd, 086017.183, 121
Trd, 086017.250, 121
Trd, 086017.533, 109
Trd, 086017.683, 107
Trd, 086017.733, 106
Trd, 086017.817, 85
Trd, 086018.317, 136
Trd, 086018.367, 140
Trd, 086018.450, 134
Trd, 086018.900, 130
Trd, 086018.933, 116
Trd, 086018.983, 109
Trd, 086019.233, 136
Trd, 086019.283, 74
Trd, 086019.367, 92
Trd, 086020.067, 129
Trd, 086020.367, 125
Trd, 086020.733, 125
Trd, 086020.950, 124
Trd, 086021.083, 123
Trd, 086021.200, 137
Trd, 086021.500, 140
Trd, 086021.767, 119
Trd, 086021.883, 134
Trd, 086022.183, 132
Trd, 086022.433, 118
Trd, 086022.650, 140
Trd, 086022.817, 118
Trd, 086022.900, 116
Trd, 086023.100, 107
Trd, 086023.333, 101
Trd, 086023.367, 98
Trd, 086024.167, 106
Trd, 086024.417, 108
Trd, 086024.533, 96
Trd, 086024.683, 81
Trd, 086025.117, 81
Trd, 086025.267, 126
Trd, 086025.833, 138
Trd, 086025.917, 139
Trd, 086026.267, 120
Trd, 086026.983, 139
Trd, 086027.233, 138
Trd, 086027.367, 125
Trd, 086027.467, 131
Trd, 086027.683, 110
Trd, 086028.100, 116
Trd, 086028.200, 115
Trd, 086028.300, 120
Trd, 086028.383, 119
Trd, 086028.533, 119
Trd, 086028.917, 125
Trd, 086029.000, 119
Trd, 086029.233, 139
Trd, 086029.267, 117
Trd, 086030.333, 140
Trd, 086030.967, 135
Trd, 086030.983, 134
Trd, 086031.033, 121
Trd, 086031.217, 140
Trd, 086031.317, 110
Trd, 086031.650, 140
Trd, 086031.683, 134
Trd, 086032.017, 139
Trd, 086032.100, 125
Trd, 086032.283, 138
Trd, 086032.583, 119
Trd, 086032.767, 124
Trd, 086033.550, 116
Trd, 086033.750, 131
Trd, 086034.083, 115
Trd, 086034.183, 109
Trd, 086034.300, 135
Trd, 086034.667, 136
Trd, 086034.817, 109
Trd, 086034.833, 135
Trd, 086034.900, 118
Trd, 086035.050, 108
Trd, 086035.433, 115
Trd, 086035.450, 107
Trd, 086035.483, 106
Trd, 086035.750, 122
Trd, 086035.867, 93
Trd, 086036.000, 128
Trd, 086036.167, 94
Trd, 086036.933, 133
Trd, 086037.133, 132
Trd, 086037.583, 124
Trd, 086037.750, 124
Trd, 086037.950, 122
Trd, 086037.983, 101
Trd, 086038.217, 91
Trd, 086038.533, 139
Trd, 086038.883, 122
Trd, 086039.833, 131
Trd, 086039.883, 130
Trd, 086040.050, 138
Trd, 086040.417, 139
Trd, 086040.467, 125
Trd, 086040.817, 115
Trd, 086041.233, 134
Trd, 086041.717, 132
Trd, 086041.783, 131
Trd, 086042.417, 117
Trd, 086042.550, 133
Trd, 086042.633, 116
Trd, 086042.800, 139
Trd, 086043.017, 138
Trd, 086043.100, 139
Trd, 086043.533, 117
Trd, 086044.017, 116
Trd, 086044.100, 131
Trd, 086044.483, 109
Trd, 086044.517, 93
Trd, 086045.200, 140
Trd, 086045.367, 139
Trd, 086045.683, 140
Trd, 086045.817, 140
Trd, 086045.967, 139
Trd, 086046.483, 125
Trd, 086046.650, 112
Trd, 086047.050, 135
Trd, 086047.133, 112
Trd, 086047.583, 140
Trd, 086048.583, 140
Trd, 086048.683, 140
Trd, 086048.800, 140
Trd, 086048.900, 140
Trd, 086049.450, 140
Trd, 086049.500, 136
Trd, 086049.983, 140
Trd, 086050.133, 138
Trd, 086050.200, 122
Trd, 086050.700, 122
Trd, 086050.817, 126
Trd, 086051.017, 139
Trd, 086051.683, 136
Trd, 086051.800, 126
Trd, 086052.150, 127
Trd, 086052.167, 128
Trd, 086052.367, 108
Trd, 086052.400, 107
Trd, 086052.433, 94
Trd, 086052.450, 130
Trd, 086052.517, 93
Trd, 086052.567, 117
Trd, 086052.733, 132
Trd, 086052.817, 112
Trd, 086052.967, 110
Trd, 086053.017, 109
Trd, 086053.167, 88
Trd, 086053.300, 106
Trd, 086053.900, 140
Trd, 086054.000, 140
Trd, 086054.167, 137
Trd, 086054.233, 120
Trd, 086054.433, 99
Trd, 086055.217, 140
Trd, 086055.667, 140
Trd, 086055.917, 140
Trd, 086056.000, 137
Trd, 086056.250, 135
Trd, 086056.267, 121
Trd, 086056.367, 120
Trd, 086056.567, 118
Trd, 086056.800, 137
Trd, 086056.933, 126
Trd, 086057.483, 137
Trd, 086057.700, 132
Trd, 086057.767, 122
Trd, 086057.900, 130
Trd, 086058.133, 123
Trd, 086058.683, 112
Trd, 086059.233, 139
Trd, 086059.450, 138
Trd, 086059.667, 140
Trd, 086059.883, 122
Trd, 086060.000, 116
Trd, 086060.267, 118
Trd, 086060.317, 107
Trd, 086060.533, 139
Trd, 086060.567, 138
Trd, 086061.117, 131
Trd, 086061.833, 93
Trd, 086062.183, 137
Trd, 086062.383, 136
Trd, 086062.617, 140
Trd, 086063.033, 128
Trd, 086063.050, 127
Trd, 086063.067, 116
Trd, 086063.083, 104
Trd, 086063.150, 95
Trd, 086063.333, 90
Trd, 086063.350, 87
Trd, 086063.383, 136
Trd, 086063.483, 107
Trd, 086063.633, 94
Trd, 086064.150, 139
Trd, 086064.267, 121
Trd, 086064.650, 131
Trd, 086064.817, 136
Trd, 086064.967, 123
Trd, 086065.333, 122
Trd, 086065.583, 139
Trd, 086066.033, 108
Trd, 086066.167, 128
Trd, 086066.183, 107
Trd, 086066.250, 138
Trd, 086067.067, 139
Trd, 086067.283, 125
Trd, 086067.417, 130
Trd, 086068.167, 136
Trd, 086068.250, 135
Trd, 086069.450, 139
Trd, 086069.533, 138
Trd, 086069.933, 138
Trd, 086070.083, 139
Trd, 086070.233, 136
Trd, 086070.433, 134
Trd, 086070.567, 139
Trd, 086071.067, 140
Trd, 086071.850, 140
Trd, 086071.900, 132
Trd, 086072.283, 140
Trd, 086072.433, 132
Trd, 086072.617, 132
Trd, 086072.683, 131
Trd, 086072.717, 122
Trd, 086072.767, 121
Trd, 086073.183, 102
Trd, 086073.400, 129
Trd, 086073.850, 140
Trd, 086074.817, 139
Trd, 086074.950, 118
Trd, 086075.150, 131
Trd, 086075.217, 118
Trd, 086076.133, 140
Trd, 086076.217, 137
Trd, 086076.417, 134
Trd, 086076.483, 126
Trd, 086076.650, 138
Trd, 086076.683, 96
Trd, 086077.017, 139
Trd, 086077.083, 118
Trd, 086077.500, 136
Trd, 086078.017, 124
Trd, 086078.733, 116
Trd, 086079.167, 118
Trd, 086079.450, 116
Trd, 086079.800, 118
Trd, 086079.950, 116
Trd, 086080.100, 133
Trd, 086080.433, 133
Trd, 086080.517, 139
Trd, 086081.817, 130
Trd, 086081.833, 128
Trd, 086081.900, 135
Trd, 086082.183, 129
Trd, 086082.250, 119
Trd, 086082.433, 115
Trd, 086082.817, 134
Trd, 086083.000, 135
Trd, 086083.300, 134
Trd, 086083.317, 133
Trd, 086083.450, 123
Trd, 086083.700, 117
Trd, 086083.800, 113
Trd, 086084.133, 140
Trd, 086084.183, 131
Trd, 086084.417, 125
Trd, 086084.483, 124
Trd, 086084.733, 113
Trd, 086084.767, 109
Trd, 086084.817, 116
Trd, 086085.267, 137
Trd, 086085.383, 126
Trd, 086086.333, 139
Trd, 086086.683, 140
Trd, 086087.267, 140
Trd, 086087.367, 140
Trd, 086087.417, 139
Trd, 086087.483, 139
Trd, 086087.583, 120
Trd, 086088.467, 134
Trd, 086088.517, 134
Trd, 086088.750, 130
Trd, 086089.283, 126
Trd, 086089.317, 125
Trd, 086089.500, 124
Trd, 086089.783, 139
Trd, 086089.933, 121
Trd, 086090.300, 122
Trd, 086090.650, 116
Trd, 086090.767, 115
Trd, 086091.033, 119
Trd, 086091.450, 139
Trd, 086091.733, 138
Trd, 086091.767, 127
Trd, 086091.833, 126
Trd, 086091.900, 114
Trd, 086092.600, 138
Trd, 086093.067, 122
Trd, 086093.367, 135
Trd, 086093.567, 109
Trd, 086093.700, 139
Trd, 086094.100, 135
Trd, 086094.167, 110
Trd, 086094.200, 107
Trd, 086094.333, 135
Trd, 086094.550, 136
Trd, 086094.767, 123
Trd, 086094.883, 122
Trd, 086095.000, 97
Trd, 086095.067, 124
Trd, 086095.617, 98
Trd, 086095.667, 96
Trd, 086095.867, 114
Trd, 086096.033, 117
Trd, 086096.183, 85
Trd, 086096.567, 103
Trd, 086096.850, 131
Trd, 086096.933, 132
Trd, 086097.217, 126
Trd, 086097.483, 105
Trd, 086097.550, 107
Trd, 086097.900, 99
Trd, 086098.017, 94
Trd, 086098.450, 130
Trd, 086098.667, 99
Trd, 086099.050, 101
Trd, 086099.117, 101
Trd, 086099.233, 101
Trd, 086099.283, 100
Trd, 086099.300, 104
Trd, 086100.733, 140
Trd, 086100.967, 140
Trd, 086101.033, 139
Trd, 086101.050, 139
Trd, 086101.150, 138
Trd, 086101.233, 121
Trd, 086101.600, 130
Trd, 086101.750, 119
Trd, 086101.783, 109
Trd, 086101.850, 130
Trd, 086102.067, 119
Trd, 086102.083, 91
Trd, 086102.833, 138
Trd, 086102.967, 133
Trd, 086103.533, 126
Trd, 086103.583, 125
Trd, 086104.200, 140
Trd, 086104.567, 140
Trd, 086104.750, 140
Trd, 086104.800, 139
Trd, 086104.900, 140
Trd, 086105.050, 129
Trd, 086105.750, 140
Trd, 086105.767, 138
Trd, 086106.383, 139
Trd, 086106.400, 139
Trd, 086106.500, 139
Trd, 086106.967, 140
Trd, 086107.017, 139
Trd, 086107.117, 138
Trd, 086107.167, 137
Trd, 086107.433, 133
Trd, 086107.483, 117
Trd, 086107.500, 114
Trd, 086108.133, 129
Trd, 086108.317, 106
Trd, 086108.383, 128
Trd, 086108.583, 137
Trd, 086108.950, 140
Trd, 086109.383, 122
Trd, 086109.683, 116
Trd, 086110.883, 140
Trd, 086110.983, 140
Trd, 086111.033, 137
Trd, 086111.300, 134
Trd, 086111.500, 128
Trd, 086111.583, 117
Trd, 086111.800, 133
Trd, 086112.050, 140
Trd, 086112.233, 140
Trd, 086112.733, 130
Trd, 086112.950, 124
Trd, 086113.533, 114
Trd, 086113.600, 113
Trd, 086113.683, 134
Trd, 086113.883, 116
Trd, 086114.533, 134
Trd, 086114.633, 111
Trd, 086114.667, 110
Trd, 086114.883, 138
Trd, 086115.150, 138
Trd, 086115.267, 107
Trd, 086115.850, 115
Trd, 086116.300, 125
Trd, 086116.350, 116
Trd, 086116.867, 134
Trd, 086116.950, 111
Trd, 086117.050, 110
Trd, 086117.100, 124
Trd, 086117.400, 119
Trd, 086117.483, 115
Trd, 086117.550, 101
Trd, 086117.717, 135
Trd, 086117.783, 97
Trd, 086118.633, 140
Trd, 086118.717, 140
Trd, 086119.033, 138
Trd, 086119.467, 119
Trd, 086119.483, 115
Trd, 086119.933, 138
Trd, 086120.100, 116
Trd, 086120.333, 130
Trd, 086120.633, 139
Trd, 086120.933, 137
Trd, 086121.000, 134
Trd, 086121.033, 125
Trd, 086121.150, 114
Trd, 086121.283, 112
Trd, 086121.750, 140
Trd, 086121.833, 140
Trd, 086122.033, 140
Trd, 086122.333, 140
Trd, 086122.517, 140
Trd, 086122.717, 140
Trd, 086122.800, 129
Trd, 086123.133, 137
Trd, 086123.200, 123
Trd, 086123.367, 118
Trd, 086123.517, 105
Trd, 086123.833, 130
Trd, 086124.033, 130
Trd, 086124.150, 129
Trd, 086124.317, 135
Trd, 086124.750, 136
Trd, 086124.883, 109
Trd, 086125.233, 109
Trd, 086125.383, 98
Trd, 086125.700, 134
Trd, 086125.783, 132
Trd, 086126.183, 132
Trd, 086126.200, 127
Trd, 086126.350, 125
Trd, 086126.600, 114
Trd, 086127.267, 140
Trd, 086127.633, 140
Trd, 086127.817, 140
Trd, 086128.117, 140
Trd, 086128.200, 140
Trd, 086128.233, 129
Trd, 086129.000, 139
Trd, 086129.017, 132
Trd, 086129.067, 128
Trd, 086129.150, 136
Trd, 086129.200, 129
Trd, 086129.917, 129
Trd, 086130.183, 132
Trd, 086130.233, 120
Trd, 086130.400, 113
Trd, 086130.683, 113
Trd, 086130.783, 120
Trd, 086131.633, 140
Trd, 086131.700, 115
Trd, 086131.733, 105
Trd, 086132.083, 137
Trd, 086132.150, 105
Trd, 086132.167, 100
Trd, 086132.267, 93
Trd, 086132.500, 110
Trd, 086132.683, 102
Trd, 086133.217, 140
Trd, 086133.733, 140
Trd, 086134.083, 140
Trd, 086134.300, 140
Trd, 086134.633, 140
Trd, 086135.483, 140
Trd, 086136.483, 140
Trd, 086136.583, 140
Trd, 086136.700, 139
Trd, 086136.867, 131
Trd, 086137.350, 140
Trd, 086137.467, 130
Trd, 086137.583, 129
Trd, 086137.617, 123
Trd, 086137.667, 108
Trd, 086137.883, 118
Trd, 086138.000, 106
Trd, 086138.417, 140
Trd, 086139.067, 132
Trd, 086139.183, 126
Trd, 086139.450, 125
Trd, 086139.467, 124
Trd, 086139.667, 108
Trd, 086139.733, 110
Trd, 086140.100, 112
Trd, 086140.583, 124
Trd, 086140.717, 112
Trd, 086140.900, 131
Trd, 086140.917, 111
Trd, 086141.150, 116
Trd, 086141.250, 132
Trd, 086141.267, 127
Trd, 086141.650, 112
Trd, 086141.767, 110
Trd, 086141.783, 93
Trd, 086142.133, 140
Trd, 086143.100, 140
Trd, 086143.133, 137
Trd, 086143.317, 127
Trd, 086143.550, 129
Trd, 086143.683, 127
Trd, 086143.800, 126
Trd, 086144.300, 139
Trd, 086144.317, 138
Trd, 086144.400, 122
Trd, 086145.117, 139
Trd, 086145.317, 121
Trd, 086145.633, 136
Trd, 086146.383, 140
Trd, 086146.617, 140
Trd, 086147.067, 140
Trd, 086147.417, 140
Trd, 086147.483, 138
Trd, 086147.683, 127
Trd, 086148.167, 118
Trd, 086148.233, 120
Trd, 086148.333, 118
Trd, 086148.383, 94
Trd, 086148.817, 122
Trd, 086148.983, 133
Trd, 086149.067, 106
Trd, 086149.317, 138
Trd, 086149.450, 94
Trd, 086149.850, 128
Trd, 086150.400, 133
Trd, 086150.433, 117
Trd, 086150.517, 113
Trd, 086150.733, 133
Trd, 086151.267, 140
Trd, 086151.650, 140
Trd, 086151.933, 140
Trd, 086152.067, 140
Trd, 086152.133, 138
Trd, 086152.217, 137
Trd, 086152.883, 124
Trd, 086153.000, 117
Trd, 086153.067, 124
Trd, 086153.583, 106
Trd, 086153.850, 125
Trd, 086153.933, 112
Trd, 086154.267, 99
Trd, 086154.433, 126
Trd, 086154.717, 123
Trd, 086155.283, 121
Trd, 086155.433, 125
Trd, 086156.017, 139
Trd, 086156.033, 120
Trd, 086156.100, 107
Trd, 086156.117, 105
Trd, 086156.183, 102
Trd, 086156.917, 140
Trd, 086157.483, 140
Trd, 086157.917, 140
Trd, 086158.600, 140
Trd, 086158.700, 140
Trd, 086159.033, 140
Trd, 086159.083, 140
Trd, 086159.117, 140
Trd, 086159.850, 138
Trd, 086159.883, 134
Trd, 086159.967, 127
Trd, 086159.983, 120
Trd, 086160.000, 116
Trd, 086160.217, 131
Trd, 086160.300, 102
Trd, 086160.450, 109
Trd, 086160.633, 125
Trd, 086160.800, 138
Trd, 086160.967, 137
Trd, 086161.033, 129
Trd, 086161.633, 139
Trd, 086161.767, 127
Trd, 086162.233, 140
Trd, 086162.450, 112
Trd, 086162.600, 139
Trd, 086162.633, 104
Trd, 086163.200, 138
Trd, 086163.833, 132
Trd, 086164.083, 133
Trd, 086164.150, 136
Trd, 086164.233, 132
Trd, 086164.433, 129
Trd, 086164.517, 128
Trd, 086164.700, 135
Trd, 086164.733, 123
Trd, 086165.050, 122
Trd, 086165.067, 121
Trd, 086165.400, 129
Trd, 086165.417, 105
Trd, 086165.733, 137
Trd, 086165.817, 133
Trd, 086167.317, 109
Trd, 086167.567, 129
Trd, 086167.917, 130
Trd, 086168.083, 129
Trd, 086168.350, 124
Trd, 086168.383, 125
Trd, 086168.550, 131
Trd, 086168.750, 140
Trd, 086169.450, 140
Trd, 086169.500, 139
Trd, 086170.067, 110
Trd, 086170.800, 139
Trd, 086170.833, 117
Trd, 086171.017, 134
Trd, 086171.133, 123
Trd, 086171.433, 139
Trd, 086171.450, 134
Trd, 086171.933, 139
Trd, 086171.983, 134
Trd, 086172.100, 118
Trd, 086172.750, 123
Trd, 086173.067, 115
Trd, 086173.100, 104
Trd, 086173.167, 107
Trd, 086173.567, 124
Trd, 086173.617, 123
Trd, 086174.117, 136
Trd, 086174.617, 132
Trd, 086174.767, 124
Trd, 086174.933, 120
Trd, 086175.283, 113
Trd, 086175.300, 111
Trd, 086175.617, 103
Trd, 086175.650, 103
Trd, 086175.800, 120
Trd, 086176.050, 138
Trd, 086176.650, 132
Trd, 086176.867, 138
Trd, 086176.950, 135
Trd, 086177.117, 131
Trd, 086177.233, 116
Trd, 086177.283, 109
Trd, 086177.833, 92
Trd, 086177.850, 98
Trd, 086178.067, 135
Trd, 086178.183, 140
Trd, 086178.267, 134
Trd, 086178.550, 124
Trd, 086178.850, 125
Trd, 086178.867, 123
Trd, 086179.033, 109
Trd, 086179.200, 81
Trd, 086179.333, 102
Trd, 086179.817, 140
Trd, 086179.967, 140
Trd, 086180.150, 97
Trd, 086180.667, 90
Trd, 086181.200, 136
Trd, 086181.250, 115
Trd, 086181.300, 109
Trd, 086181.417, 91
Trd, 086181.817, 116
Trd, 086182.017, 99
Trd, 086182.450, 87
Trd, 086182.600, 83
Trd, 086182.633, 82
Trd, 086182.667, 135
Trd, 086182.983, 114
Trd, 086183.050, 71
Trd, 086183.117, 101
Trd, 086183.250, 69
Trd, 086183.600, 69
Trd, 086183.917, 138
Trd, 086184.483, 140
Trd, 086184.567, 136
Trd, 086185.250, 139
Trd, 086185.417, 140
Trd, 086185.583, 139
Trd, 086185.733, 139
Trd, 086186.033, 125
Trd, 086186.150, 140
Trd, 086186.267, 108
Trd, 086186.683, 100
Trd, 086186.733, 111
Trd, 086186.783, 100
Trd, 086186.900, 136
Trd, 086187.183, 135
Trd, 086187.267, 83
Trd, 086187.667, 83
Trd, 086187.950, 79
Trd, 086188.583, 92
Trd, 086188.750, 93
Trd, 086189.183, 91
Trd, 086189.300, 128
Trd, 086189.933, 140
Trd, 086190.133, 130
Trd, 086190.500, 126
Trd, 086190.600, 140
Trd, 086191.050, 140
Trd, 086191.183, 123
Trd, 086191.383, 123
Trd, 086191.400, 122
Trd, 086191.717, 137
Trd, 086191.800, 116
Trd, 086192.133, 124
Trd, 086192.550, 138
Trd, 086192.700, 137
Trd, 086192.900, 130
Trd, 086192.917, 129
Trd, 086193.083, 121
Trd, 086193.350, 114
Trd, 086194.067, 139
Trd, 086194.133, 138
Trd, 086194.467, 118
Trd, 086194.550, 117
Trd, 086194.700, 116
Trd, 086194.717, 113
Trd, 086195.150, 134
Trd, 086195.500, 131
Trd, 086196.100, 140
Trd, 086196.183, 138
Trd, 086196.483, 129
Trd, 086196.833, 133
Trd, 086196.867, 131
Trd, 086197.317, 127
Trd, 086197.517, 116
Trd, 086197.533, 112
Trd, 086197.567, 111
Trd, 086197.783, 110
Trd, 086197.983, 133
Trd, 086198.283, 118
Trd, 086198.983, 139
Trd, 086199.333, 118
Trd, 086199.350, 140
Trd, 086199.500, 140
Trd, 086200.067, 140
Trd, 086200.433, 140
Trd, 086200.650, 139
Trd, 086201.000, 129
Trd, 086201.200, 125
Trd, 086201.283, 120
Trd, 086201.633, 124
Trd, 086201.867, 121
Trd, 086202.250, 117
Trd, 086202.567, 139
Trd, 086202.650, 140
Trd, 086203.050, 133
Trd, 086203.383, 131
Trd, 086203.600, 129
Trd, 086203.683, 135
Trd, 086203.733, 115
Trd, 086203.933, 120
Trd, 086204.133, 114
Trd, 086204.200, 125
Trd, 086204.417, 136
Trd, 086205.233, 140
Trd, 086205.483, 140
Trd, 086205.700, 136
Trd, 086205.950, 124
Trd, 086205.967, 123
Trd, 086205.983, 118
Trd, 086206.533, 137
Trd, 086206.550, 136
Trd, 086207.083, 118
Trd, 086207.917, 130
Trd, 086208.000, 134
Trd, 086208.167, 130
Trd, 086208.317, 114
Trd, 086208.600, 115
Trd, 086208.750, 135
Trd, 086208.767, 114
Trd, 086208.983, 135
Trd, 086209.033, 126
Trd, 086209.650, 140
Trd, 086209.767, 139
Trd, 086209.900, 91
Trd, 086209.933, 108
Trd, 086209.950, 91
Trd, 086210.700, 99
Trd, 086210.783, 92
Trd, 086211.567, 140
Trd, 086211.750, 136
Trd, 086211.800, 136
Trd, 086212.417, 111
Trd, 086212.717, 136
Trd, 086212.750, 128
Trd, 086213.133, 133
Trd, 086213.400, 128
Trd, 086213.633, 138
Trd, 086213.700, 117
Trd, 086213.767, 116
Trd, 086213.833, 108
Trd, 086214.067, 118
Trd, 086214.117, 101
Trd, 086214.417, 138
Trd, 086214.517, 120
Trd, 086214.767, 134
Trd, 086214.967, 100
Trd, 086215.017, 90
Trd, 086215.183, 98
Trd, 086215.233, 87
Trd, 086215.300, 85
Trd, 086215.633, 140
Trd, 086216.983, 140
Trd, 086217.133, 140
Trd, 086217.500, 140
Trd, 086218.133, 140
Trd, 086219.017, 140
Trd, 086219.133, 140
Trd, 086219.200, 140
Trd, 086219.367, 139
Trd, 086219.667, 137
Trd, 086219.800, 136
Trd, 086219.983, 139
Trd, 086220.217, 132
Trd, 086220.250, 131
Trd, 086220.767, 128
Trd, 086221.383, 138
Trd, 086221.567, 118
Trd, 086221.850, 131
Trd, 086222.133, 120
Trd, 086222.250, 135
Trd, 086222.367, 120
Trd, 086222.433, 136
Trd, 086222.500, 120
Trd, 086222.633, 117
Trd, 086222.867, 132
Trd, 086223.083, 131
Trd, 086223.467, 106
Trd, 086223.633, 115
Trd, 086223.650, 129
Trd, 086224.267, 108
Trd, 086224.450, 114
Trd, 086224.600, 107
Trd, 086224.683, 106
Trd, 086225.400, 140
Trd, 086225.533, 139
Trd, 086225.750, 138
Trd, 086225.900, 136
Trd, 086225.983, 114
Trd, 086226.800, 125
Trd, 086227.200, 126
Trd, 086227.450, 140
Trd, 086227.517, 137
Trd, 086227.850, 138
Trd, 086228.150, 111
Trd, 086229.000, 130
Trd, 086229.017, 128
Trd, 086229.333, 136
Trd, 086229.383, 126
Trd, 086229.417, 106
Trd, 086229.533, 103
Trd, 086229.633, 120
Trd, 086229.783, 109
Trd, 086230.117, 109
Trd, 086230.333, 96
Trd, 086230.717, 108
Trd, 086230.817, 112
Trd, 086231.183, 128
Trd, 086232.267, 140
Trd, 086232.383, 139
Trd, 086232.450, 138
Trd, 086232.483, 138
Trd, 086232.717, 116
Trd, 086233.050, 139
Trd, 086233.350, 125
Trd, 086233.783, 115
Trd, 086234.667, 140
Trd, 086234.717, 140
Trd, 086234.783, 139
Trd, 086234.900, 120
Trd, 086234.917, 109
Trd, 086234.933, 108
Trd, 086235.083, 140
Trd, 086235.133, 105
Trd, 086235.217, 98
Trd, 086235.417, 94
Trd, 086235.467, 99
Trd, 086236.267, 136
Trd, 086236.400, 128
Trd, 086236.517, 120
Trd, 086237.367, 139
Trd, 086237.683, 129
Trd, 086237.733, 124
Trd, 086237.867, 120
Trd, 086237.900, 113
Trd, 086238.383, 116
Trd, 086238.717, 124
Trd, 086238.867, 128
Trd, 086239.167, 113
Trd, 086239.200, 131
Trd, 086239.700, 139
Trd, 086239.750, 121
Trd, 086239.917, 122
Trd, 086239.983, 104
Trd, 086240.050, 92
Trd, 086240.183, 91
Trd, 086240.333, 99
Trd, 086240.750, 140
Trd, 086241.133, 140
Trd, 086241.150, 140
Trd, 086241.300, 122
Trd, 086242.233, 140
Trd, 086242.883, 140
Trd, 086243.067, 140
Trd, 086243.383, 140
Trd, 086244.133, 140
Trd, 086244.500, 136
Trd, 086244.533, 128
Trd, 086244.667, 121
Trd, 086244.733, 116
Trd, 086244.883, 98
Trd, 086245.217, 139
Trd, 086245.450, 138
Trd, 086245.617, 115
Trd, 086245.900, 116
Trd, 086246.017, 115
Trd, 086246.183, 116
Trd, 086246.450, 139
Trd, 086246.567, 138
Trd, 086247.200, 132
Trd, 086247.283, 132
Trd, 086247.300, 108
Trd, 086247.400, 130
Trd, 086247.467, 99
Trd, 086247.550, 99
Trd, 086247.950, 139
Trd, 086248.033, 139
Trd, 086248.067, 115
Trd, 086248.183, 111
Trd, 086248.500, 122
Trd, 086248.667, 94
Trd, 086248.833, 133
Trd, 086248.900, 116
Trd, 086249.250, 65
Trd, 086250.567, 140
Trd, 086250.833, 140
Trd, 086250.933, 140
Trd, 086251.183, 140
Trd, 086251.383, 140
Trd, 086251.450, 139
Trd, 086251.633, 135
Trd, 086251.800, 139
Trd, 086251.833, 133
Trd, 086251.950, 103
Trd, 086252.650, 140
Trd, 086252.783, 129
Trd, 086253.050, 140
Trd, 086253.067, 140
Trd, 086253.517, 127
Trd, 086253.550, 127
Trd, 086253.567, 118
Trd, 086253.683, 98
Trd, 086254.250, 101
Trd, 086254.967, 132
Trd, 086255.067, 123
Trd, 086255.233, 114
Trd, 086255.450, 114
Trd, 086255.567, 91
Trd, 086255.867, 103
Trd, 086256.200, 114
Trd, 086256.550, 114
Trd, 086256.650, 132
Trd, 086256.917, 119
Trd, 086257.033, 114
Trd, 086257.350, 120
Trd, 086257.433, 135
Trd, 086257.833, 123
Trd, 086257.967, 139
Trd, 086258.350, 140
Trd, 086258.483, 134
Trd, 086258.583, 133
Trd, 086258.767, 133
Trd, 086258.883, 113
Trd, 086259.300, 105
Trd, 086259.333, 104
Trd, 086259.733, 101
Trd, 086259.983, 139
Trd, 086260.383, 123
Trd, 086260.717, 134
Trd, 086260.867, 130
Trd, 086261.300, 140
Trd, 086261.917, 114
Trd, 086261.933, 113
Trd, 086262.117, 106
Trd, 086262.200, 133
Trd, 086262.433, 92
Trd, 086262.650, 102
Trd, 086262.817, 111
Trd, 086263.567, 140
Trd, 086263.667, 89
Trd, 086263.733, 134
Trd, 086263.750, 84
Trd, 086263.833, 122
Trd, 086264.033, 121
Trd, 086264.117, 81
Trd, 086265.367, 79
Trd, 086265.417, 134
Trd, 086265.783, 126
Trd, 086265.917, 123
Trd, 086266.017, 107
Trd, 086266.300, 102
Trd, 086266.800, 129
Trd, 086266.983, 95
Trd, 086267.350, 133
Trd, 086267.417, 133
Trd, 086267.617, 130
Trd, 086267.767, 131
Trd, 086267.817, 134
Trd, 086267.917, 130
Trd, 086268.133, 113
Trd, 086268.400, 104
Trd, 086268.700, 111
Trd, 086268.850, 102
Trd, 086268.900, 100
Trd, 086268.933, 99
Trd, 086269.317, 94
Trd, 086269.467, 88
Trd, 086269.767, 94
Trd, 086270.217, 139
Trd, 086270.733, 139
Trd, 086271.100, 139
Trd, 086271.150, 138
Trd, 086271.467, 138
Trd, 086271.567, 138
Trd, 086271.900, 140
Trd, 086272.300, 137
Trd, 086272.417, 140
Trd, 086272.600, 123
Trd, 086273.900, 140
Trd, 086274.333, 140
Trd, 086274.450, 139
Trd, 086274.583, 137
Trd, 086274.633, 137
Trd, 086274.717, 123
Trd, 086274.800, 107
Trd, 086275.283, 139
Trd, 086275.533, 139
Trd, 086275.683, 131
Trd, 086275.733, 126
Trd, 086275.800, 118
Trd, 086276.300, 101
Trd, 086276.350, 100
Trd, 086276.517, 99
Trd, 086276.567, 121
Trd, 086276.783, 72
Trd, 086276.867, 91
Trd, 086277.550, 131
Trd, 086278.133, 140
Trd, 086278.600, 140
Trd, 086278.617, 140
Trd, 086278.817, 140
Trd, 086279.167, 136
Trd, 086279.433, 138
Trd, 086279.517, 120
Trd, 086280.000, 121
Trd, 086280.033, 126
Trd, 086280.450, 127
Trd, 086280.600, 124
Trd, 086280.783, 123
Trd, 086280.850, 140
Trd, 086280.933, 115
Trd, 086281.067, 110
Trd, 086281.100, 104
Trd, 086281.350, 140
Trd, 086281.767, 120
Trd, 086281.900, 123
Trd, 086281.950, 97
Trd, 086282.000, 93
Trd, 086282.333, 110
Trd, 086282.500, 140
Trd, 086282.517, 139
Trd, 086282.917, 94
Trd, 086283.233, 100
Trd, 086283.367, 93
Trd, 086283.717, 140
Trd, 086284.017, 140
Trd, 086284.250, 140
Trd, 086284.567, 135
Trd, 086284.817, 139
Trd, 086285.533, 125
Trd, 086286.150, 135
Trd, 086286.183, 130
Trd, 086286.733, 135
Trd, 086286.750, 125
Trd, 086286.967, 130
Trd, 086287.117, 128
Trd, 086287.233, 133
Trd, 086287.800, 133
Trd, 086288.100, 132
Trd, 086288.183, 132
Trd, 086288.533, 135
Trd, 086288.700, 137
Trd, 086288.783, 131
Trd, 086289.167, 138
Trd, 086289.200, 140
Trd, 086289.450, 132
Trd, 086289.650, 131
Trd, 086290.083, 130
Trd, 086290.450, 125
Trd, 086291.000, 140
Trd, 086291.283, 137
Trd, 086291.583, 132
Trd, 086291.850, 95
Trd, 086292.033, 92
Trd, 086292.267, 127
Trd, 086292.483, 129
Trd, 086292.567, 110
Trd, 086292.733, 86
Trd, 086293.067, 128
Trd, 086293.100, 85
Trd, 086293.450, 90
Trd, 086293.917, 112
Trd, 086295.250, 118
Trd, 086295.450, 101
Trd, 086295.500, 100
Trd, 086295.683, 97
Trd, 086295.717, 129
Trd, 086295.800, 124
Trd, 086296.300, 127
Trd, 086296.350, 130
Trd, 086296.467, 125
Trd, 086296.733, 133
Trd, 086297.283, 140
Trd, 086297.500, 140
Trd, 086298.183, 140
Trd, 086298.467, 136
Trd, 086299.050, 139
Trd, 086299.267, 127
Trd, 086299.467, 133
Trd, 086299.683, 139
Trd, 086299.767, 132
Trd, 086299.850, 118
Trd, 086300.250, 140
Trd, 086300.267, 126
Trd, 086300.383, 129
Trd, 086300.617, 116
Trd, 086300.633, 102
Trd, 086301.467, 131
Trd, 086302.367, 136
Trd, 086303.000, 140
Trd, 086303.083, 140
Trd, 086303.217, 138
Trd, 086303.867, 140
Trd, 086304.017, 130
Trd, 086304.650, 140
Trd, 086304.900, 139
Trd, 086304.917, 119
Trd, 086305.417, 138
Trd, 086305.533, 137
Trd, 086305.833, 135
Trd, 086306.050, 125
Trd, 086306.267, 120
Trd, 086306.300, 119
Trd, 086306.333, 116
Trd, 086306.633, 100
Trd, 086306.833, 140
Trd, 086306.867, 138
Trd, 086306.933, 127
Trd, 086307.167, 123
Trd, 086307.283, 106
Trd, 086307.867, 100
Trd, 086308.333, 135
Trd, 086308.350, 123
Trd, 086308.583, 140
Trd, 086308.650, 127
Trd, 086308.817, 97
Trd, 086308.883, 88
Trd, 086308.917, 85
Trd, 086309.533, 126
Trd, 086310.017, 140
Trd, 086310.700, 131
Trd, 086310.867, 126
Trd, 086311.183, 140
Trd, 086311.217, 119
Trd, 086311.233, 105
Trd, 086311.350, 128
Trd, 086311.933, 119
Trd, 086313.433, 138
Trd, 086313.533, 137
Trd, 086313.583, 136
Trd, 086313.650, 140
Trd, 086313.700, 136
Trd, 086313.717, 133
Trd, 086313.950, 140
Trd, 086314.000, 128
Trd, 086314.167, 112
Trd, 086314.400, 94
Trd, 086314.567, 106
Trd, 086314.750, 107
Trd, 086315.350, 139
Trd, 086315.483, 138
Trd, 086315.500, 135
Trd, 086315.800, 137
Trd, 086315.967, 140
Trd, 086316.467, 140
Trd, 086316.817, 136
Trd, 086317.283, 140
Trd, 086317.483, 128
Trd, 086317.750, 126
Trd, 086318.383, 114
Trd, 086318.483, 137
Trd, 086318.517, 112
Trd, 086318.550, 110
Trd, 086318.767, 97
Trd, 086318.883, 102
Trd, 086319.117, 107
Trd, 086319.150, 108
Trd, 086319.333, 128
Trd, 086319.417, 92
Trd, 086319.783, 140
Trd, 086320.200, 140
Trd, 086320.300, 140
Trd, 086320.467, 140
Trd, 086320.517, 131
Trd, 086321.367, 140
Trd, 086321.600, 132
Trd, 086321.833, 125
Trd, 086321.950, 138
Trd, 086322.000, 125
Trd, 086322.033, 120
Trd, 086322.450, 121
Trd, 086322.483, 115
Trd, 086322.750, 140
Trd, 086323.117, 140
Trd, 086323.600, 121
Trd, 086324.233, 121
Trd, 086324.567, 119
Trd, 086324.733, 119
Trd, 086325.317, 137
Trd, 086325.433, 132
Trd, 086326.133, 129
Trd, 086326.150, 119
Trd, 086326.200, 117
Trd, 086326.467, 115
Trd, 086326.550, 111
Trd, 086326.917, 134
Trd, 086326.967, 103
Trd, 086327.267, 140
Trd, 086327.333, 106
Trd, 086327.533, 106
Trd, 086327.917, 113
Trd, 086328.017, 127
Trd, 086328.367, 135
Trd, 086328.417, 109
Trd, 086328.683, 126
Trd, 086329.283, 125
Trd, 086329.367, 110
Trd, 086329.433, 109
Trd, 086329.650, 135
Trd, 086329.917, 126
Trd, 086330.150, 131
Trd, 086330.317, 110
Trd, 086330.700, 99
Trd, 086331.133, 105
Trd, 086331.333, 139
Trd, 086331.517, 99
Trd, 086331.533, 100
Trd, 086331.550, 92
Trd, 086331.900, 89
Trd, 086332.000, 77
Trd, 086332.067, 77
Trd, 086332.350, 114
Trd, 086333.033, 70
Trd, 086333.183, 96
Trd, 086333.467, 131
Trd, 086333.950, 99
Trd, 086333.983, 98
Trd, 086334.633, 98
Trd, 086334.783, 88
Trd, 086335.100, 136
Trd, 086335.367, 122
Trd, 086335.433, 123
Trd, 086335.467, 133
Trd, 086335.483, 118
Trd, 086335.667, 104
Trd, 086335.800, 103
Trd, 086335.883, 114
Trd, 086336.050, 138
Trd, 086336.550, 123
Trd, 086337.167, 139
Trd, 086337.550, 140
Trd, 086338.083, 111
Trd, 086338.383, 118
Trd, 086338.750, 112
Trd, 086338.850, 123
Trd, 086339.017, 102
Trd, 086339.217, 92
Trd, 086339.317, 106
Trd, 086339.533, 98
Trd, 086339.583, 107
Trd, 086339.683, 110
Trd, 086339.833, 109
Trd, 086340.050, 125
Trd, 086340.183, 84
Trd, 086340.233, 70
Trd, 086340.683, 67
Trd, 086340.800, 137
Trd, 086340.850, 100
Trd, 086341.200, 140
Trd, 086341.983, 123
Trd, 086342.100, 130
Trd, 086342.200, 122
Trd, 086342.567, 138
Trd, 086342.667, 121
Trd, 086342.800, 115
Trd, 086342.950, 79
Trd, 086343.083, 127
Trd, 086343.483, 104
Trd, 086343.667, 105
Trd, 086343.817, 126
Trd, 086344.017, 103
Trd, 086344.333, 130
Trd, 086345.183, 113
Trd, 086345.783, 140
Trd, 086346.167, 140
Trd, 086346.617, 140
Trd, 086346.767, 140
Trd, 086346.783, 140
Trd, 086346.867, 136
Trd, 086347.083, 129
Trd, 086347.233, 123
Trd, 086347.533, 123
Trd, 086347.767, 123
Trd, 086347.983, 122
Trd, 086348.233, 97
Trd, 086348.400, 111
Trd, 086348.983, 126
Trd, 086349.083, 102
Trd, 086349.467, 96
Trd, 086349.500, 94
Trd, 086349.550, 129
Trd, 086349.883, 130
Trd, 086350.383, 140
Trd, 086350.617, 139
Trd, 086350.717, 138
Trd, 086350.933, 120
Trd, 086351.000, 113
Trd, 086351.500, 129
Trd, 086351.933, 140
Trd, 086352.017, 139
Trd, 086352.317, 140
Trd, 086352.450, 139
Trd, 086352.583, 138
Trd, 086353.050, 140
Trd, 086353.283, 140
Trd, 086353.417, 140
Trd, 086353.683, 122
Trd, 086354.150, 124
Trd, 086354.433, 123
Trd, 086354.533, 116
Trd, 086355.250, 140
Trd, 086355.850, 138
Trd, 086356.117, 140
Trd, 086356.533, 135
Trd, 086356.600, 125
Trd, 086356.667, 120
Trd, 086356.933, 136
Trd, 086357.150, 119
Trd, 086357.300, 138
Trd, 086357.633, 139
Trd, 086357.650, 138
Trd, 086357.683, 132
Trd, 086357.883, 131
Trd, 086358.017, 117
Trd, 086358.633, 140
Trd, 086358.650, 139
Trd, 086359.433, 140
Trd, 086359.750, 140
Trd, 086359.883, 139
Trd, 086360.133, 137
Trd, 086361.033, 129
Trd, 086361.067, 132
Trd, 086361.400, 129
Trd, 086361.700, 97
Trd, 086361.817, 106
Trd, 086362.150, 116
Trd, 086362.383, 105
Trd, 086362.467, 110
Trd, 086362.667, 129
Trd, 086363.483, 128
Trd, 086363.650, 127
Trd, 086364.250, 128
Trd, 086364.267, 127
Trd, 086364.283, 124
Trd, 086364.550, 132
Trd, 086364.850, 116
Trd, 086365.100, 114
Trd, 086365.333, 112
Trd, 086365.533, 104
Trd, 086365.767, 139
Trd, 086365.967, 138
Trd, 086365.983, 137
Trd, 086366.533, 140
Trd, 086366.950, 139
Trd, 086367.567, 125
Trd, 086367.750, 140
Trd, 086368.217, 113
Trd, 086368.433, 105
Trd, 086368.650, 116
Trd, 086368.667, 113
Trd, 086369.233, 102
Trd, 086369.250, 101
Trd, 086369.267, 100
Trd, 086369.783, 136
Trd, 086369.983, 117
Trd, 086370.133, 117
Trd, 086370.150, 97
Trd, 086370.250, 92
Trd, 086370.267, 84
Trd, 086370.500, 81
Trd, 086371.550, 139
Trd, 086371.883, 138
Trd, 086371.983, 126
Trd, 086372.133, 137
Trd, 086372.300, 139
Trd, 086372.317, 138
Trd, 086372.950, 106
Trd, 086372.967, 103
Trd, 086373.267, 115
Trd, 086373.433, 104
Trd, 086373.567, 103
Trd, 086373.583, 70
Trd, 086373.750, 103
Trd, 086374.183, 139
Trd, 086374.283, 105
Trd, 086374.400, 127
Trd, 086374.750, 140
Trd, 086375.050, 131
Trd, 086375.250, 122
Trd, 086375.483, 129
Trd, 086375.733, 128
Trd, 086376.583, 131
Trd, 086376.833, 130
Trd, 086376.883, 129
Trd, 086376.950, 139
Trd, 086377.117, 138
Trd, 086377.133, 118
Trd, 086378.117, 119
Trd, 086378.183, 119
Trd, 086378.250, 117
Trd, 086378.400, 111
Trd, 086378.550, 107
Trd, 086378.650, 93
Trd, 086379.183, 93
Trd, 086379.200, 87
Trd, 086379.650, 126
Trd, 086379.667, 127
Trd, 086380.000, 137
Trd, 086380.017, 105
Trd, 086380.133, 108
Trd, 086380.917, 136
Trd, 086380.950, 138
Trd, 086381.033, 112
Trd, 086381.233, 109
Trd, 086381.367, 110
Trd, 086382.183, 140
Trd, 086382.533, 122
Trd, 086382.550, 121
Trd, 086382.617, 120
Trd, 086382.783, 119
Trd, 086383.000, 120
Trd, 086383.033, 113
Trd, 086383.417, 104
Trd, 086383.483, 100
Trd, 086383.933, 128
Trd, 086384.267, 129
Trd, 086384.283, 128
Trd, 086384.367, 127
Trd, 086384.450, 132
Trd, 086384.583, 116
Trd, 086384.750, 105
Trd, 086385.000, 140
Trd, 086385.167, 138
Trd, 086385.417, 131
Trd, 086385.717, 125
Trd, 086385.850, 137
Trd, 086386.250, 133
Trd, 086386.700, 99
Trd, 086386.783, 94
Trd, 086386.800, 114
Trd, 086387.700, 140
Trd, 086387.950, 140
Trd, 086388.067, 140
Trd, 086388.467, 139
Trd, 086388.550, 138
Trd, 086388.733, 117
Trd, 086388.767, 118
Trd, 086388.967, 118
Trd, 086389.217, 138
Trd, 086390.083, 138
Trd, 086390.250, 127
Trd, 086390.550, 125
Trd, 086390.633, 104
Trd, 086391.200, 115
Trd, 086391.400, 120
Trd, 086391.467, 127
Trd, 086391.550, 128
Trd, 086391.800, 111
Trd, 086391.833, 110
Trd, 086392.050, 124
Trd, 086392.117, 130
Trd, 086392.200, 104
Trd, 086392.717, 104
Trd, 086392.767, 100
Trd, 086392.950, 121
Trd, 086393.150, 135
Trd, 086393.517, 113
Trd, 086393.800, 127
Trd, 086394.367, 140
Trd, 086394.400, 140
Trd, 086394.900, 136
Trd, 086395.567, 138
Trd, 086395.617, 124
Trd, 086396.150, 137
Trd, 086396.417, 133
Trd, 086396.483, 132
Trd, 086396.883, 131
Trd, 086397.000, 136
Trd, 086397.017, 139
Trd, 086397.083, 130
Trd, 086397.600, 126
Trd, 086397.767, 126
Trd, 086398.083, 134
Trd, 086398.200, 133
Trd, 086398.250, 123
Trd, 086398.433, 105
Trd, 086399.183, 113
Trd, 086399.200, 131
Trd, 086399.983, 138
