Trd, 085766.700, 140
Trd, 085767.133, 140
Trd, 085767.317, 137
Trd, 085767.600, 139
Trd, 085767.700, 137
Trd, 085767.950, 140
Trd, 085768.050, 133
Trd, 085768.350, 127
Trd, 085768.550, 132
Trd, 085768.750, 139
Trd, 085768.817, 138
Trd, 085768.883, 124
Trd, 085769.067, 114
Trd, 085769.550, 132
Trd, 085769.867, 122
Trd, 085770.133, 121
Trd, 085770.250, 117
Trd, 085770.350, 104
Trd, 085770.483, 136
Trd, 085770.667, 119
Trd, 085771.067, 115
Trd, 085771.250, 139
Trd, 085771.317, 133
Trd, 085771.333, 108
Trd, 085771.650, 140
Trd, 085771.767, 122
Trd, 085771.917, 126
Trd, 085772.283, 113
Trd, 085772.300, 129
Trd, 085772.333, 107
Trd, 085772.433, 106
Trd, 085773.083, 120
Trd, 085773.400, 136
Trd, 085773.583, 136
Trd, 085773.850, 127
Trd, 085774.767, 121
Trd, 085774.967, 138
Trd, 085774.983, 137
Trd, 085775.317, 139
Trd, 085775.617, 139
Trd, 085775.867, 134
Trd, 085776.050, 126
Trd, 085776.133, 131
Trd, 085776.167, 126
Trd, 085776.400, 139
Trd, 085776.433, 122
Trd, 085776.517, 121
Trd, 085776.533, 118
Trd, 085776.750, 127
Trd, 085777.333, 118
Trd, 085777.717, 138
Trd, 085777.867, 118
Trd, 085778.150, 133
Trd, 085778.217, 116
Trd, 085778.383, 127
Trd, 085778.467, 120
Trd, 085778.683, 103
Trd, 085779.100, 139
Trd, 085779.200, 121
Trd, 085780.167, 137
Trd, 085780.383, 135
Trd, 085780.517, 137
Trd, 085780.967, 139
Trd, 085780.983, 139
Trd, 085781.133, 139
Trd, 085781.217, 136
Trd, 085781.367, 134
Trd, 085781.567, 134
Trd, 085781.850, 131
Trd, 085782.183, 136
Trd, 085782.417, 135
Trd, 085783.100, 137
Trd, 085783.200, 129
Trd, 085783.317, 128
Trd, 085783.383, 137
Trd, 085783.550, 126
Trd, 085783.633, 139
Trd, 085783.683, 140
Trd, 085783.900, 116
Trd, 085784.083, 134
Trd, 085784.400, 118
Trd, 085785.417, 134
Trd, 085785.483, 123
Trd, 085785.833, 120
Trd, 085786.017, 140
Trd, 085786.233, 133
Trd, 085786.500, 120
Trd, 085786.583, 128
Trd, 085786.750, 119
Trd, 085786.967, 111
Trd, 085787.367, 136
Trd, 085787.850, 140
Trd, 085788.117, 140
Trd, 085788.167, 135
Trd, 085788.200, 134
Trd, 085788.317, 126
Trd, 085789.117, 109
Trd, 085789.317, 121
Trd, 085789.767, 95
Trd, 085789.817, 123
Trd, 085789.883, 96
Trd, 085790.017, 125
Trd, 085790.117, 127
Trd, 085790.317, 138
Trd, 085790.417, 128
Trd, 085791.033, 137
Trd, 085791.250, 128
Trd, 085791.883, 140
Trd, 085792.000, 140
Trd, 085792.083, 140
Trd, 085792.250, 139
Trd, 085792.667, 127
Trd, 085792.783, 126
Trd, 085793.500, 123
Trd, 085793.783, 121
Trd, 085793.800, 122
Trd, 085793.950, 103
Trd, 085794.100, 112
Trd, 085794.200, 103
Trd, 085794.467, 131
Trd, 085795.183, 125
Trd, 085795.517, 124
Trd, 085795.833, 113
Trd, 085796.100, 109
Trd, 085796.183, 108
Trd, 085796.217, 117
Trd, 085796.233, 119
Trd, 085796.283, 122
Trd, 085796.300, 99
Trd, 085796.317, 91
Trd, 085796.400, 127
Trd, 085797.033, 114
Trd, 085797.100, 122
Trd, 085797.150, 129
Trd, 085797.417, 139
Trd, 085797.717, 126
Trd, 085797.983, 113
Trd, 085798.667, 140
Trd, 085798.917, 111
Trd, 085799.167, 99
Trd, 085799.200, 127
Trd, 085799.400, 120
Trd, 085799.517, 139
Trd, 085799.583, 103
Trd, 085799.933, 93
Trd, 085800.083, 82
Trd, 085800.117, 97
Trd, 085800.167, 80
Trd, 085800.800, 112
Trd, 085800.900, 96
Trd, 085801.067, 115
Trd, 085801.433, 140
Trd, 085801.450, 139
Trd, 085801.867, 124
Trd, 085802.250, 139
Trd, 085802.450, 137
Trd, 085802.517, 130
Trd, 085802.950, 139
Trd, 085803.050, 138
Trd, 085803.600, 136
Trd, 085805.000, 139
Trd, 085805.317, 134
Trd, 085805.383, 133
Trd, 085805.617, 120
Trd, 085805.733, 139
Trd, 085805.983, 119
Trd, 085806.100, 110
Trd, 085806.400, 137
Trd, 085806.517, 135
Trd, 085806.717, 140
Trd, 085807.650, 112
Trd, 085807.883, 118
Trd, 085807.900, 113
Trd, 085807.967, 127
Trd, 085808.083, 104
Trd, 085808.333, 108
Trd, 085808.450, 107
Trd, 085809.117, 105
Trd, 085809.750, 140
Trd, 085809.783, 139
Trd, 085810.050, 140
Trd, 085810.467, 140
Trd, 085810.517, 138
Trd, 085811.100, 133
Trd, 085811.150, 117
Trd, 085811.267, 115
Trd, 085811.317, 126
Trd, 085811.650, 120
Trd, 085812.200, 137
Trd, 085812.283, 133
Trd, 085812.750, 138
Trd, 085813.033, 134
Trd, 085813.267, 140
Trd, 085813.317, 116
Trd, 085813.850, 136
Trd, 085814.400, 136
Trd, 085814.650, 140
Trd, 085814.900, 130
Trd, 085815.017, 124
Trd, 085815.050, 123
Trd, 085815.083, 121
Trd, 085815.117, 133
Trd, 085815.500, 111
Trd, 085815.967, 136
Trd, 085816.250, 140
Trd, 085816.367, 135
Trd, 085816.917, 139
Trd, 085817.117, 138
Trd, 085817.283, 138
Trd, 085817.317, 134
Trd, 085817.383, 123
Trd, 085817.667, 140
Trd, 085818.017, 129
Trd, 085818.167, 129
Trd, 085818.350, 128
Trd, 085819.133, 139
Trd, 085819.150, 136
Trd, 085819.200, 116
Trd, 085819.933, 122
Trd, 085820.283, 121
Trd, 085820.317, 120
Trd, 085820.383, 118
Trd, 085820.617, 114
Trd, 085820.767, 121
Trd, 085820.783, 126
Trd, 085820.850, 129
Trd, 085820.883, 117
Trd, 085821.083, 105
Trd, 085822.050, 125
Trd, 085822.250, 134
Trd, 085822.450, 137
Trd, 085822.883, 124
Trd, 085822.933, 123
Trd, 085823.150, 119
Trd, 085823.217, 133
Trd, 085823.533, 116
Trd, 085824.350, 117
Trd, 085824.917, 140
Trd, 085825.117, 138
Trd, 085825.267, 140
Trd, 085825.433, 132
Trd, 085826.117, 138
Trd, 085826.250, 123
Trd, 085826.417, 125
Trd, 085826.433, 120
Trd, 085826.717, 127
Trd, 085826.950, 126
Trd, 085827.067, 119
Trd, 085827.267, 116
Trd, 085827.283, 114
Trd, 085827.600, 139
Trd, 085827.767, 138
Trd, 085827.917, 122
Trd, 085828.083, 135
Trd, 085828.167, 109
Trd, 085828.733, 118
Trd, 085828.750, 104
Trd, 085829.050, 125
Trd, 085829.383, 124
Trd, 085830.000, 137
Trd, 085830.183, 140
Trd, 085830.217, 126
Trd, 085831.033, 133
Trd, 085831.383, 130
Trd, 085832.067, 130
Trd, 085832.167, 125
Trd, 085832.183, 124
Trd, 085832.350, 131
Trd, 085832.433, 118
Trd, 085832.833, 140
Trd, 085833.200, 121
Trd, 085833.417, 114
Trd, 085833.633, 122
Trd, 085833.683, 122
Trd, 085834.833, 140
Trd, 085834.933, 138
Trd, 085835.183, 140
Trd, 085836.283, 133
Trd, 085836.383, 135
Trd, 085836.517, 119
Trd, 085836.683, 124
Trd, 085836.767, 124
Trd, 085836.950, 128
Trd, 085837.267, 134
Trd, 085837.500, 133
Trd, 085837.600, 136
Trd, 085837.900, 133
Trd, 085838.000, 134
Trd, 085838.583, 132
Trd, 085838.717, 134
Trd, 085838.950, 131
Trd, 085839.283, 130
Trd, 085839.517, 122
Trd, 085839.567, 137
Trd, 085839.683, 121
Trd, 085839.900, 120
Trd, 085839.917, 120
Trd, 085840.000, 100
Trd, 085840.017, 99
Trd, 085840.367, 108
Trd, 085840.417, 110
Trd, 085840.467, 115
Trd, 085840.700, 64
Trd, 085841.000, 114
Trd, 085841.383, 105
Trd, 085841.617, 106
Trd, 085841.950, 104
Trd, 085842.000, 131
Trd, 085842.167, 133
Trd, 085842.767, 137
Trd, 085843.250, 99
Trd, 085843.700, 133
Trd, 085843.817, 129
Trd, 085843.967, 127
Trd, 085844.000, 121
Trd, 085844.383, 119
Trd, 085844.467, 118
Trd, 085845.800, 140
Trd, 085845.883, 137
Trd, 085846.017, 136
Trd, 085846.650, 136
Trd, 085846.783, 140
Trd, 085846.850, 134
Trd, 085846.917, 125
Trd, 085847.067, 137
Trd, 085847.567, 138
Trd, 085847.750, 136
Trd, 085847.800, 135
Trd, 085848.017, 128
Trd, 085848.150, 114
Trd, 085848.433, 113
Trd, 085848.867, 117
Trd, 085848.883, 118
Trd, 085849.200, 136
Trd, 085849.283, 115
Trd, 085849.550, 120
Trd, 085849.600, 115
Trd, 085849.683, 138
Trd, 085849.883, 135
Trd, 085850.117, 130
Trd, 085850.217, 114
Trd, 085850.717, 121
Trd, 085851.000, 120
Trd, 085851.250, 118
Trd, 085851.550, 117
Trd, 085851.833, 110
Trd, 085852.050, 140
Trd, 085852.183, 110
Trd, 085852.500, 133
Trd, 085852.650, 109
Trd, 085853.300, 136
Trd, 085853.533, 138
Trd, 085853.750, 139
Trd, 085853.983, 135
Trd, 085854.433, 134
Trd, 085854.850, 129
Trd, 085855.033, 131
Trd, 085855.800, 121
Trd, 085855.933, 119
Trd, 085855.967, 128
Trd, 085856.250, 132
Trd, 085856.600, 135
Trd, 085856.717, 129
Trd, 085856.817, 130
Trd, 085857.100, 122
Trd, 085857.133, 125
Trd, 085857.267, 118
Trd, 085857.517, 118
Trd, 085857.767, 114
Trd, 085857.900, 121
Trd, 085858.067, 124
Trd, 085858.333, 106
Trd, 085858.733, 110
Trd, 085858.800, 105
Trd, 085858.950, 121
Trd, 085858.983, 127
Trd, 085859.267, 131
Trd, 085859.633, 131
Trd, 085859.817, 126
Trd, 085860.283, 131
Trd, 085860.450, 125
Trd, 085860.733, 111
Trd, 085860.917, 104
Trd, 085861.167, 127
Trd, 085861.450, 123
Trd, 085861.617, 124
Trd, 085862.567, 138
Trd, 085862.833, 140
Trd, 085862.900, 130
Trd, 085863.417, 130
Trd, 085863.617, 128
Trd, 085864.050, 115
Trd, 085864.133, 113
Trd, 085864.400, 110
Trd, 085864.433, 122
Trd, 085864.450, 109
Trd, 085864.517, 97
Trd, 085864.767, 140
Trd, 085864.833, 140
Trd, 085864.917, 133
Trd, 085865.167, 119
Trd, 085866.133, 111
Trd, 085866.450, 127
Trd, 085866.483, 110
Trd, 085866.533, 109
Trd, 085866.667, 106
Trd, 085867.017, 107
Trd, 085867.150, 105
Trd, 085867.167, 103
Trd, 085867.250, 109
Trd, 085867.517, 115
Trd, 085867.800, 116
Trd, 085867.867, 112
Trd, 085868.283, 111
Trd, 085868.600, 122
Trd, 085868.667, 110
Trd, 085868.683, 127
Trd, 085869.100, 118
Trd, 085869.200, 122
Trd, 085869.267, 112
Trd, 085869.433, 107
Trd, 085869.667, 98
Trd, 085869.750, 117
Trd, 085869.817, 125
Trd, 085870.100, 114
Trd, 085870.600, 122
Trd, 085871.083, 127
Trd, 085871.250, 131
Trd, 085871.317, 134
Trd, 085871.850, 140
Trd, 085871.917, 140
Trd, 085872.333, 140
Trd, 085872.583, 127
Trd, 085873.417, 128
Trd, 085873.517, 127
Trd, 085873.533, 129
Trd, 085873.717, 126
Trd, 085873.950, 131
Trd, 085874.033, 137
Trd, 085875.333, 138
Trd, 085875.700, 137
Trd, 085876.633, 139
Trd, 085876.667, 137
Trd, 085876.817, 137
Trd, 085876.833, 136
Trd, 085876.867, 134
Trd, 085876.983, 131
Trd, 085877.133, 130
Trd, 085877.350, 126
Trd, 085877.517, 132
Trd, 085877.917, 140
Trd, 085878.133, 140
Trd, 085878.583, 132
Trd, 085878.867, 114
Trd, 085879.733, 114
Trd, 085879.917, 113
Trd, 085880.117, 123
Trd, 085880.333, 125
Trd, 085880.450, 128
Trd, 085880.467, 113
Trd, 085880.517, 111
Trd, 085880.767, 133
Trd, 085881.217, 129
Trd, 085881.250, 106
Trd, 085881.483, 129
Trd, 085881.733, 131
Trd, 085882.083, 128
Trd, 085882.200, 120
Trd, 085882.217, 119
Trd, 085882.800, 134
Trd, 085883.033, 115
Trd, 085883.283, 129
Trd, 085883.467, 139
Trd, 085883.867, 124
Trd, 085883.950, 107
Trd, 085884.500, 136
Trd, 085884.733, 134
Trd, 085885.267, 123
Trd, 085885.417, 121
Trd, 085885.500, 137
Trd, 085885.850, 117
Trd, 085886.350, 117
Trd, 085886.750, 134
Trd, 085886.933, 130
Trd, 085887.633, 121
Trd, 085887.933, 127
Trd, 085888.017, 120
Trd, 085888.067, 130
Trd, 085888.617, 121
Trd, 085888.783, 120
Trd, 085888.850, 136
Trd, 085888.983, 112
Trd, 085889.017, 133
Trd, 085889.417, 137
Trd, 085889.450, 115
Trd, 085889.650, 130
Trd, 085889.883, 135
Trd, 085890.050, 138
Trd, 085890.100, 129
Trd, 085890.283, 121
Trd, 085890.800, 129
Trd, 085890.817, 127
Trd, 085891.217, 122
Trd, 085891.550, 117
Trd, 085891.567, 111
Trd, 085891.867, 130
Trd, 085891.900, 94
Trd, 085892.000, 111
Trd, 085892.233, 130
Trd, 085892.367, 113
Trd, 085892.883, 120
Trd, 085893.550, 130
Trd, 085894.150, 121
Trd, 085894.300, 120
Trd, 085894.417, 133
Trd, 085894.483, 115
Trd, 085894.867, 115
Trd, 085894.883, 114
Trd, 085895.233, 123
Trd, 085895.333, 110
Trd, 085895.433, 109
Trd, 085895.517, 137
Trd, 085895.750, 125
Trd, 085895.817, 120
Trd, 085895.983, 107
Trd, 085896.133, 96
Trd, 085896.517, 135
Trd, 085897.033, 135
Trd, 085897.233, 129
Trd, 085897.417, 128
Trd, 085898.167, 137
Trd, 085898.317, 137
Trd, 085898.333, 130
Trd, 085898.617, 137
Trd, 085898.833, 118
Trd, 085899.017, 115
Trd, 085899.167, 121
Trd, 085899.250, 122
Trd, 085899.633, 113
Trd, 085899.650, 127
Trd, 085899.683, 112
Trd, 085899.700, 106
Trd, 085900.167, 110
Trd, 085900.367, 131
Trd, 085901.100, 136
Trd, 085901.383, 135
Trd, 085901.583, 137
Trd, 085901.700, 139
Trd, 085901.783, 135
Trd, 085901.850, 126
Trd, 085902.867, 140
Trd, 085903.217, 133
Trd, 085903.350, 133
Trd, 085903.533, 129
Trd, 085903.917, 130
Trd, 085904.483, 135
Trd, 085904.617, 136
Trd, 085904.983, 124
Trd, 085906.317, 140
Trd, 085906.550, 131
Trd, 085906.917, 140
Trd, 085907.333, 140
Trd, 085907.550, 139
Trd, 085907.750, 134
Trd, 085907.783, 132
Trd, 085908.333, 140
Trd, 085908.500, 130
Trd, 085908.667, 129
Trd, 085908.767, 128
Trd, 085909.600, 118
Trd, 085909.817, 124
Trd, 085910.633, 138
Trd, 085910.867, 140
Trd, 085910.883, 127
Trd, 085911.033, 140
Trd, 085911.500, 140
Trd, 085911.550, 135
Trd, 085911.583, 134
Trd, 085911.967, 125
Trd, 085912.233, 122
Trd, 085912.333, 125
Trd, 085913.150, 140
Trd, 085913.683, 140
Trd, 085913.883, 140
Trd, 085914.183, 139
Trd, 085914.350, 134
Trd, 085914.367, 131
Trd, 085914.600, 140
Trd, 085914.883, 127
Trd, 085915.367, 135
Trd, 085915.767, 131
Trd, 085916.550, 122
Trd, 085916.633, 119
Trd, 085916.667, 113
Trd, 085916.750, 117
Trd, 085917.133, 126
Trd, 085917.333, 120
Trd, 085917.417, 119
Trd, 085917.500, 130
Trd, 085918.283, 112
Trd, 085918.500, 115
Trd, 085918.700, 123
Trd, 085918.800, 123
Trd, 085919.100, 125
Trd, 085919.617, 134
Trd, 085919.700, 127
Trd, 085919.833, 124
Trd, 085919.900, 121
Trd, 085920.083, 111
Trd, 085920.533, 137
Trd, 085921.067, 140
Trd, 085921.233, 139
Trd, 085921.367, 133
Trd, 085921.750, 129
Trd, 085921.900, 127
Trd, 085922.100, 130
Trd, 085922.150, 121
Trd, 085923.133, 139
Trd, 085923.167, 138
Trd, 085923.183, 130
Trd, 085923.250, 126
Trd, 085923.300, 137
Trd, 085923.567, 123
Trd, 085923.833, 122
Trd, 085923.900, 116
Trd, 085924.183, 89
Trd, 085924.467, 107
Trd, 085924.600, 109
Trd, 085924.683, 112
Trd, 085925.300, 123
Trd, 085925.350, 98
Trd, 085925.767, 123
Trd, 085926.017, 119
Trd, 085926.267, 97
Trd, 085926.367, 114
Trd, 085926.450, 116
Trd, 085926.500, 129
Trd, 085926.950, 129
Trd, 085927.083, 124
Trd, 085927.583, 130
Trd, 085928.167, 140
Trd, 085928.400, 131
Trd, 085928.450, 130
Trd, 085928.950, 135
Trd, 085929.450, 139
Trd, 085929.567, 134
Trd, 085929.617, 134
Trd, 085929.983, 132
Trd, 085930.450, 137
Trd, 085930.683, 133
Trd, 085930.800, 136
Trd, 085931.100, 127
Trd, 085931.267, 137
Trd, 085931.333, 124
Trd, 085931.417, 118
Trd, 085931.667, 112
Trd, 085931.767, 127
Trd, 085931.983, 102
Trd, 085932.400, 140
Trd, 085932.600, 135
Trd, 085932.650, 135
Trd, 085932.767, 134
Trd, 085933.067, 109
Trd, 085933.467, 122
Trd, 085933.517, 140
Trd, 085933.650, 139
Trd, 085934.267, 132
Trd, 085934.350, 134
Trd, 085934.700, 137
Trd, 085935.150, 136
Trd, 085935.183, 135
Trd, 085935.433, 134
Trd, 085935.483, 121
Trd, 085935.700, 122
Trd, 085935.750, 116
Trd, 085937.000, 140
Trd, 085937.117, 140
Trd, 085937.383, 139
Trd, 085937.533, 137
Trd, 085937.950, 132
Trd, 085938.200, 134
Trd, 085938.500, 139
Trd, 085938.633, 132
Trd, 085938.733, 131
Trd, 085939.383, 125
Trd, 085939.450, 138
Trd, 085939.550, 109
Trd, 085940.150, 136
Trd, 085940.167, 135
Trd, 085940.217, 139
Trd, 085941.050, 122
Trd, 085941.533, 139
Trd, 085942.333, 134
Trd, 085942.583, 135
Trd, 085942.633, 134
Trd, 085942.733, 137
Trd, 085943.050, 132
Trd, 085943.517, 134
Trd, 085943.700, 126
Trd, 085944.367, 130
Trd, 085944.400, 130
Trd, 085944.983, 135
Trd, 085945.017, 134
Trd, 085945.100, 133
Trd, 085945.167, 131
Trd, 085945.250, 130
Trd, 085945.300, 122
Trd, 085945.617, 124
Trd, 085945.633, 117
Trd, 085945.983, 128
Trd, 085946.033, 124
Trd, 085946.067, 109
Trd, 085946.133, 102
Trd, 085946.583, 140
Trd, 085946.617, 137
Trd, 085946.983, 134
Trd, 085947.050, 123
Trd, 085947.200, 116
Trd, 085947.250, 133
Trd, 085947.533, 120
Trd, 085948.250, 118
Trd, 085948.467, 138
Trd, 085948.633, 117
Trd, 085948.750, 137
Trd, 085948.917, 131
Trd, 085949.167, 129
Trd, 085949.350, 140
Trd, 085949.833, 115
Trd, 085949.867, 119
Trd, 085950.083, 129
Trd, 085950.283, 115
Trd, 085950.533, 138
Trd, 085951.083, 137
Trd, 085951.217, 126
Trd, 085951.317, 125
Trd, 085951.833, 129
Trd, 085952.217, 116
Trd, 085952.600, 126
Trd, 085952.717, 122
Trd, 085953.117, 121
Trd, 085953.133, 118
Trd, 085953.150, 113
Trd, 085953.367, 108
Trd, 085953.617, 135
Trd, 085953.650, 104
Trd, 085954.483, 125
Trd, 085954.917, 139
Trd, 085955.267, 128
Trd, 085955.383, 139
Trd, 085955.900, 138
Trd, 085956.283, 140
Trd, 085956.333, 139
Trd, 085956.783, 130
Trd, 085956.983, 129
Trd, 085957.100, 130
Trd, 085957.200, 128
Trd, 085957.483, 127
Trd, 085957.783, 126
Trd, 085957.933, 134
Trd, 085958.000, 119
Trd, 085958.283, 140
Trd, 085958.417, 132
Trd, 085958.650, 140
Trd, 085960.200, 136
Trd, 085960.333, 137
Trd, 085960.900, 137
Trd, 085961.483, 136
Trd, 085961.817, 139
Trd, 085962.117, 136
Trd, 085962.267, 140
Trd, 085962.983, 139
Trd, 085963.567, 129
Trd, 085963.750, 128
Trd, 085963.767, 126
Trd, 085963.983, 132
Trd, 085964.283, 117
Trd, 085964.367, 116
Trd, 085964.483, 113
Trd, 085964.533, 110
Trd, 085964.700, 107
Trd, 085964.733, 104
Trd, 085965.033, 103
Trd, 085965.150, 114
Trd, 085965.733, 128
Trd, 085965.783, 125
Trd, 085965.867, 123
Trd, 085966.150, 135
Trd, 085966.317, 138
Trd, 085966.333, 120
Trd, 085966.533, 115
Trd, 085966.583, 129
Trd, 085966.950, 132
Trd, 085967.283, 137
Trd, 085967.817, 140
Trd, 085967.983, 117
Trd, 085968.667, 124
Trd, 085968.750, 137
Trd, 085968.883, 123
Trd, 085969.217, 140
Trd, 085969.250, 139
Trd, 085969.333, 136
Trd, 085969.383, 112
Trd, 085969.767, 111
Trd, 085970.483, 138
Trd, 085970.650, 134
Trd, 085971.183, 130
Trd, 085971.217, 108
Trd, 085971.367, 127
Trd, 085971.983, 121
Trd, 085972.400, 140
Trd, 085972.417, 139
Trd, 085972.600, 122
Trd, 085972.783, 112
Trd, 085973.483, 132
Trd, 085973.583, 131
Trd, 085973.867, 130
Trd, 085973.950, 121
Trd, 085974.217, 132
Trd, 085974.283, 121
Trd, 085974.383, 120
Trd, 085974.617, 127
Trd, 085974.983, 113
Trd, 085975.133, 112
Trd, 085975.333, 130
Trd, 085975.417, 122
Trd, 085975.533, 138
Trd, 085975.800, 137
Trd, 085975.833, 136
Trd, 085976.017, 135
Trd, 085976.100, 128
Trd, 085976.600, 119
Trd, 085976.783, 122
Trd, 085976.883, 140
Trd, 085976.900, 136
Trd, 085976.917, 115
Trd, 085977.017, 116
Trd, 085977.217, 115
Trd, 085978.300, 116
Trd, 085978.567, 139
Trd, 085978.650, 115
Trd, 085978.717, 125
Trd, 085978.833, 114
Trd, 085979.317, 139
Trd, 085979.517, 139
Trd, 085979.917, 127
Trd, 085980.317, 127
Trd, 085980.883, 140
Trd, 085981.033, 129
Trd, 085981.100, 125
Trd, 085981.250, 130
Trd, 085981.617, 139
Trd, 085981.667, 133
Trd, 085981.800, 129
Trd, 085982.083, 140
Trd, 085982.167, 140
Trd, 085982.617, 128
Trd, 085983.367, 132
Trd, 085983.717, 140
Trd, 085984.050, 138
Trd, 085984.333, 129
Trd, 085984.650, 122
Trd, 085984.933, 136
Trd, 085985.200, 121
Trd, 085985.333, 125
Trd, 085985.450, 118
Trd, 085985.467, 118
Trd, 085986.617, 129
Trd, 085986.733, 140
Trd, 085986.967, 129
Trd, 085987.250, 110
Trd, 085987.450, 138
Trd, 085987.950, 135
Trd, 085988.200, 123
Trd, 085989.083, 135
Trd, 085989.350, 128
Trd, 085989.767, 113
Trd, 085989.783, 126
Trd, 085990.000, 124
Trd, 085990.017, 123
Trd, 085990.750, 124
Trd, 085991.333, 129
Trd, 085991.683, 134
Trd, 085991.983, 136
Trd, 085992.367, 130
Trd, 085992.500, 129
Trd, 085992.650, 126
Trd, 085992.817, 134
Trd, 085992.833, 137
Trd, 085992.967, 140
Trd, 085993.083, 133
Trd, 085993.250, 133
Trd, 085993.467, 117
Trd, 085993.667, 127
Trd, 085994.250, 114
Trd, 085994.400, 137
Trd, 085994.833, 138
Trd, 085995.050, 134
Trd, 085995.217, 130
Trd, 085995.933, 139
Trd, 085996.783, 138
Trd, 085996.833, 138
Trd, 085997.133, 140
Trd, 085997.417, 133
Trd, 085997.517, 137
Trd, 085997.667, 132
Trd, 085997.850, 131
Trd, 085998.117, 129
Trd, 085998.283, 133
Trd, 085998.333, 121
Trd, 085998.383, 115
Trd, 085998.767, 123
Trd, 085998.950, 133
Trd, 085999.017, 139
Trd, 085999.583, 140
Trd, 085999.950, 117
Trd, 086000.050, 136
Trd, 086000.667, 131
Trd, 086000.683, 130
Trd, 086001.550, 140
Trd, 086001.617, 140
Trd, 086001.650, 139
Trd, 086001.950, 137
Trd, 086002.350, 119
Trd, 086002.400, 136
Trd, 086002.517, 117
Trd, 086002.583, 118
Trd, 086003.033, 116
Trd, 086003.317, 117
Trd, 086003.683, 140
Trd, 086003.850, 126
Trd, 086003.983, 120
Trd, 086004.483, 139
Trd, 086004.550, 138
Trd, 086004.617, 124
Trd, 086004.633, 110
Trd, 086005.417, 124
Trd, 086005.467, 135
Trd, 086005.717, 140
Trd, 086006.083, 140
Trd, 086006.167, 140
Trd, 086006.550, 139
Trd, 086006.833, 129
Trd, 086007.417, 137
Trd, 086007.600, 138
Trd, 086008.133, 127
Trd, 086008.533, 139
Trd, 086008.600, 127
Trd, 086008.817, 133
Trd, 086008.950, 118
Trd, 086009.317, 136
Trd, 086009.750, 133
Trd, 086009.917, 138
Trd, 086010.400, 139
Trd, 086010.583, 134
Trd, 086010.717, 128
Trd, 086011.067, 140
Trd, 086011.100, 115
Trd, 086011.467, 140
Trd, 086011.683, 124
Trd, 086012.500, 140
Trd, 086012.550, 131
Trd, 086012.617, 128
Trd, 086012.750, 124
Trd, 086012.900, 118
Trd, 086013.117, 120
Trd, 086013.183, 121
Trd, 086013.383, 118
Trd, 086013.417, 124
Trd, 086013.933, 125
Trd, 086014.000, 118
Trd, 086014.133, 140
Trd, 086014.400, 137
Trd, 086014.533, 138
Trd, 086014.783, 133
Trd, 086014.883, 138
Trd, 086015.233, 132
Trd, 086015.317, 127
Trd, 086015.417, 126
Trd, 086015.817, 115
Trd, 086017.050, 118
Trd, 086017.117, 127
Trd, 086017.167, 113
Trd, 086017.267, 108
Trd, 086017.583, 112
Trd, 086017.633, 132
Trd, 086017.983, 138
Trd, 086018.067, 122
Trd, 086018.183, 124
Trd, 086018.267, 105
Trd, 086018.350, 104
Trd, 086018.550, 93
Trd, 086018.667, 129
Trd, 086019.150, 138
Trd, 086019.450, 137
Trd, 086019.583, 129
Trd, 086019.800, 129
Trd, 086020.200, 121
Trd, 086020.233, 127
Trd, 086020.317, 128
Trd, 086020.583, 116
Trd, 086020.833, 103
Trd, 086021.383, 125
Trd, 086021.600, 130
Trd, 086021.767, 140
Trd, 086021.933, 111
Trd, 086022.050, 101
Trd, 086022.317, 125
Trd, 086022.900, 132
Trd, 086022.950, 130
Trd, 086023.117, 132
Trd, 086023.350, 116
Trd, 086023.367, 107
Trd, 086023.883, 112
Trd, 086024.017, 123
Trd, 086024.183, 118
Trd, 086024.333, 105
Trd, 086024.350, 133
Trd, 086024.850, 132
Trd, 086025.517, 126
Trd, 086025.783, 120
Trd, 086026.483, 139
Trd, 086026.500, 122
Trd, 086026.717, 134
Trd, 086027.267, 118
Trd, 086027.383, 112
Trd, 086027.650, 131
Trd, 086028.083, 109
Trd, 086028.167, 108
Trd, 086028.933, 132
Trd, 086029.083, 85
Trd, 086029.250, 80
Trd, 086029.517, 132
Trd, 086029.667, 110
Trd, 086029.733, 137
Trd, 086029.933, 133
Trd, 086030.000, 137
Trd, 086030.200, 123
Trd, 086030.733, 119
Trd, 086030.767, 118
Trd, 086030.783, 107
Trd, 086031.117, 106
Trd, 086031.283, 107
Trd, 086031.583, 136
Trd, 086031.633, 120
Trd, 086031.700, 119
Trd, 086031.917, 138
Trd, 086032.033, 137
Trd, 086032.317, 127
Trd, 086032.583, 108
Trd, 086032.650, 107
Trd, 086032.683, 123
Trd, 086032.767, 129
Trd, 086032.950, 105
Trd, 086033.050, 101
Trd, 086033.417, 114
Trd, 086033.950, 96
Trd, 086034.550, 138
Trd, 086035.233, 139
Trd, 086035.483, 140
Trd, 086035.517, 135
Trd, 086035.633, 128
Trd, 086035.850, 127
Trd, 086036.283, 129
Trd, 086036.417, 127
Trd, 086036.533, 122
Trd, 086036.733, 128
Trd, 086037.050, 135
Trd, 086037.650, 138
Trd, 086037.700, 116
Trd, 086038.350, 120
Trd, 086038.417, 108
Trd, 086038.467, 104
Trd, 086038.550, 95
Trd, 086038.583, 98
Trd, 086039.317, 134
Trd, 086040.050, 139
Trd, 086040.333, 137
Trd, 086040.367, 133
Trd, 086040.533, 134
Trd, 086041.233, 136
Trd, 086041.583, 131
Trd, 086041.733, 130
Trd, 086042.200, 129
Trd, 086042.300, 126
Trd, 086042.533, 124
Trd, 086042.567, 129
Trd, 086042.583, 130
Trd, 086042.700, 122
Trd, 086043.300, 127
Trd, 086043.383, 116
Trd, 086043.583, 128
Trd, 086043.633, 124
Trd, 086043.833, 129
Trd, 086043.867, 115
Trd, 086043.950, 119
Trd, 086044.150, 124
Trd, 086044.383, 130
Trd, 086044.533, 131
Trd, 086044.667, 128
Trd, 086044.683, 112
Trd, 086045.400, 102
Trd, 086046.483, 102
Trd, 086046.567, 103
Trd, 086046.667, 105
Trd, 086046.750, 105
Trd, 086046.800, 102
Trd, 086046.867, 111
Trd, 086046.917, 111
Trd, 086046.967, 123
Trd, 086047.100, 95
Trd, 086047.633, 95
Trd, 086048.083, 98
Trd, 086048.383, 95
Trd, 086048.733, 104
Trd, 086049.167, 108
Trd, 086049.250, 111
Trd, 086049.567, 108
Trd, 086049.917, 118
Trd, 086050.233, 99
Trd, 086050.317, 117
Trd, 086050.717, 140
Trd, 086050.750, 125
Trd, 086050.950, 102
Trd, 086051.017, 101
Trd, 086051.333, 127
Trd, 086051.833, 119
Trd, 086052.067, 116
Trd, 086052.133, 105
Trd, 086052.433, 98
Trd, 086052.683, 117
Trd, 086052.783, 97
Trd, 086052.933, 102
Trd, 086053.133, 95
Trd, 086053.250, 90
Trd, 086053.650, 82
Trd, 086053.983, 134
Trd, 086054.083, 136
Trd, 086054.250, 114
Trd, 086054.517, 138
Trd, 086054.650, 139
Trd, 086055.133, 130
Trd, 086055.717, 128
Trd, 086055.933, 132
Trd, 086055.950, 131
Trd, 086056.050, 136
Trd, 086056.300, 129
Trd, 086056.667, 131
Trd, 086056.867, 130
Trd, 086056.917, 127
Trd, 086057.133, 118
Trd, 086057.950, 139
Trd, 086058.250, 120
Trd, 086058.267, 135
Trd, 086058.767, 138
Trd, 086058.967, 138
Trd, 086059.000, 136
Trd, 086059.167, 136
Trd, 086059.350, 138
Trd, 086059.567, 132
Trd, 086059.833, 126
Trd, 086060.000, 131
Trd, 086060.017, 130
Trd, 086060.183, 115
Trd, 086060.217, 115
Trd, 086060.250, 108
Trd, 086060.417, 105
Trd, 086061.550, 138
Trd, 086061.633, 123
Trd, 086061.667, 122
Trd, 086061.750, 139
Trd, 086062.250, 131
Trd, 086062.783, 140
Trd, 086062.833, 140
Trd, 086063.100, 138
Trd, 086063.233, 125
Trd, 086063.550, 125
Trd, 086064.117, 136
Trd, 086064.400, 139
Trd, 086064.700, 136
Trd, 086065.033, 135
Trd, 086065.250, 126
Trd, 086065.567, 122
Trd, 086065.783, 125
Trd, 086066.283, 126
Trd, 086066.567, 140
Trd, 086066.617, 107
Trd, 086066.800, 107
Trd, 086067.400, 134
Trd, 086067.467, 119
Trd, 086067.533, 113
Trd, 086067.850, 126
Trd, 086067.967, 120
Trd, 086068.383, 130
Trd, 086068.500, 101
Trd, 086068.617, 83
Trd, 086068.717, 132
Trd, 086069.000, 129
Trd, 086069.150, 136
Trd, 086069.433, 137
Trd, 086069.533, 139
Trd, 086069.650, 140
Trd, 086070.833, 133
Trd, 086071.250, 133
Trd, 086071.783, 137
Trd, 086072.100, 122
Trd, 086072.350, 115
Trd, 086072.683, 123
Trd, 086073.033, 126
Trd, 086073.150, 124
Trd, 086073.417, 140
Trd, 086073.550, 135
Trd, 086073.733, 134
Trd, 086074.567, 139
Trd, 086074.717, 133
Trd, 086075.233, 140
Trd, 086075.450, 133
Trd, 086075.800, 127
Trd, 086076.117, 125
Trd, 086076.133, 127
Trd, 086076.400, 138
Trd, 086076.733, 135
Trd, 086077.750, 130
Trd, 086077.767, 134
Trd, 086078.000, 121
Trd, 086078.433, 133
Trd, 086078.650, 123
Trd, 086078.700, 119
Trd, 086078.900, 134
Trd, 086079.183, 120
Trd, 086079.500, 134
Trd, 086079.567, 123
Trd, 086079.900, 131
Trd, 086080.050, 120
Trd, 086080.233, 133
Trd, 086080.917, 139
Trd, 086081.283, 138
Trd, 086081.500, 138
Trd, 086082.317, 140
Trd, 086082.350, 137
Trd, 086082.600, 121
Trd, 086082.683, 117
Trd, 086082.700, 134
Trd, 086082.917, 120
Trd, 086083.000, 136
Trd, 086083.033, 116
Trd, 086083.200, 126
Trd, 086083.467, 119
Trd, 086084.067, 136
Trd, 086084.367, 132
Trd, 086084.517, 118
Trd, 086085.267, 136
Trd, 086086.100, 138
Trd, 086086.333, 137
Trd, 086086.617, 140
Trd, 086086.783, 135
Trd, 086086.867, 140
Trd, 086087.817, 138
Trd, 086087.867, 127
Trd, 086087.983, 135
Trd, 086088.000, 122
Trd, 086088.083, 121
Trd, 086088.167, 121
Trd, 086088.700, 138
Trd, 086088.900, 120
Trd, 086088.917, 118
Trd, 086089.050, 136
Trd, 086089.150, 132
Trd, 086089.483, 105
Trd, 086089.767, 129
Trd, 086090.367, 139
Trd, 086090.567, 140
Trd, 086090.933, 124
Trd, 086091.417, 140
Trd, 086091.683, 135
Trd, 086091.917, 126
Trd, 086092.683, 140
Trd, 086092.767, 136
Trd, 086092.850, 123
Trd, 086093.300, 138
Trd, 086093.733, 137
Trd, 086093.817, 135
Trd, 086094.067, 123
Trd, 086094.167, 118
Trd, 086094.267, 138
Trd, 086095.200, 140
Trd, 086095.317, 131
Trd, 086095.400, 127
Trd, 086095.567, 139
Trd, 086096.017, 130
Trd, 086096.050, 123
Trd, 086096.250, 133
Trd, 086096.667, 138
Trd, 086097.067, 126
Trd, 086097.250, 125
Trd, 086098.233, 125
Trd, 086098.550, 120
Trd, 086098.650, 125
Trd, 086098.750, 126
Trd, 086098.917, 131
Trd, 086099.033, 128
Trd, 086099.300, 118
Trd, 086099.567, 118
Trd, 086100.417, 119
Trd, 086100.483, 118
Trd, 086100.767, 120
Trd, 086100.783, 117
Trd, 086100.950, 128
Trd, 086101.150, 131
Trd, 086101.617, 135
Trd, 086101.650, 129
Trd, 086102.383, 128
Trd, 086102.733, 122
Trd, 086102.783, 121
Trd, 086102.950, 118
Trd, 086103.050, 117
Trd, 086103.317, 113
Trd, 086103.383, 111
Trd, 086103.500, 131
Trd, 086103.783, 132
Trd, 086103.883, 140
Trd, 086104.400, 140
Trd, 086104.500, 137
Trd, 086104.800, 120
Trd, 086105.017, 137
Trd, 086105.267, 135
Trd, 086105.333, 133
Trd, 086105.417, 120
Trd, 086105.867, 140
Trd, 086106.117, 121
Trd, 086106.200, 140
Trd, 086106.417, 138
Trd, 086106.683, 140
Trd, 086106.750, 133
Trd, 086107.700, 132
Trd, 086108.017, 136
Trd, 086108.067, 132
Trd, 086108.267, 131
Trd, 086108.333, 132
Trd, 086109.233, 134
Trd, 086109.617, 132
Trd, 086109.733, 133
Trd, 086109.817, 125
Trd, 086110.250, 106
Trd, 086110.550, 121
Trd, 086110.833, 107
Trd, 086110.917, 140
Trd, 086111.133, 101
Trd, 086111.683, 140
Trd, 086112.517, 132
Trd, 086113.150, 128
Trd, 086113.217, 120
Trd, 086113.233, 103
Trd, 086113.417, 125
Trd, 086113.683, 109
Trd, 086113.733, 131
Trd, 086113.750, 124
Trd, 086113.817, 101
Trd, 086114.050, 100
Trd, 086114.217, 96
Trd, 086114.600, 111
Trd, 086114.733, 114
Trd, 086114.967, 125
Trd, 086115.000, 112
Trd, 086115.217, 100
Trd, 086115.467, 106
Trd, 086115.517, 116
Trd, 086115.717, 118
Trd, 086116.467, 132
Trd, 086116.650, 128
Trd, 086116.733, 137
Trd, 086117.150, 138
Trd, 086118.050, 140
Trd, 086118.400, 136
Trd, 086118.667, 125
Trd, 086119.217, 132
Trd, 086119.417, 131
Trd, 086119.683, 136
Trd, 086119.817, 129
Trd, 086120.133, 135
Trd, 086120.333, 135
Trd, 086120.383, 134
Trd, 086120.483, 137
Trd, 086120.800, 120
Trd, 086121.000, 120
Trd, 086121.750, 116
Trd, 086122.100, 117
Trd, 086122.133, 116
Trd, 086122.150, 117
Trd, 086122.200, 124
Trd, 086122.300, 113
Trd, 086123.133, 140
Trd, 086123.200, 140
Trd, 086123.217, 136
Trd, 086123.233, 135
Trd, 086123.283, 126
Trd, 086123.833, 138
Trd, 086124.200, 140
Trd, 086124.367, 140
Trd, 086124.833, 137
Trd, 086125.300, 140
Trd, 086125.450, 125
Trd, 086126.583, 137
Trd, 086126.617, 126
Trd, 086126.750, 140
Trd, 086127.450, 139
Trd, 086127.467, 139
Trd, 086127.717, 138
Trd, 086127.800, 133
Trd, 086128.000, 135
Trd, 086128.200, 134
Trd, 086128.450, 140
Trd, 086128.517, 140
Trd, 086128.817, 140
Trd, 086129.567, 140
Trd, 086129.583, 133
Trd, 086129.733, 123
Trd, 086129.767, 122
Trd, 086129.817, 112
Trd, 086130.033, 132
Trd, 086131.167, 137
Trd, 086131.400, 138
Trd, 086131.550, 137
Trd, 086131.583, 135
Trd, 086131.633, 132
Trd, 086132.167, 140
Trd, 086132.317, 136
Trd, 086132.600, 125
Trd, 086132.800, 138
Trd, 086133.283, 140
Trd, 086133.533, 124
Trd, 086133.567, 116
Trd, 086133.767, 113
Trd, 086133.950, 112
Trd, 086134.233, 131
Trd, 086134.383, 138
Trd, 086134.550, 139
Trd, 086135.200, 137
Trd, 086135.417, 136
Trd, 086135.817, 120
Trd, 086136.300, 137
Trd, 086136.483, 124
Trd, 086136.633, 116
Trd, 086136.750, 112
Trd, 086136.933, 124
Trd, 086137.117, 117
Trd, 086137.133, 110
Trd, 086137.350, 124
Trd, 086137.833, 110
Trd, 086137.933, 116
Trd, 086138.300, 111
Trd, 086138.617, 116
Trd, 086138.700, 114
Trd, 086138.733, 131
Trd, 086139.083, 114
Trd, 086139.150, 113
Trd, 086140.067, 140
Trd, 086140.150, 136
Trd, 086140.300, 123
Trd, 086140.683, 138
Trd, 086141.050, 133
Trd, 086141.750, 136
Trd, 086142.100, 133
Trd, 086142.717, 137
Trd, 086142.833, 138
Trd, 086142.933, 133
Trd, 086143.017, 139
Trd, 086143.167, 129
Trd, 086143.483, 139
Trd, 086144.000, 135
Trd, 086144.017, 134
Trd, 086144.200, 123
Trd, 086144.383, 140
Trd, 086144.750, 126
Trd, 086144.850, 122
Trd, 086144.900, 128
Trd, 086145.533, 111
Trd, 086145.567, 107
Trd, 086145.633, 126
Trd, 086146.117, 139
Trd, 086146.183, 138
Trd, 086146.467, 130
Trd, 086146.583, 137
Trd, 086146.917, 124
Trd, 086147.033, 124
Trd, 086147.633, 124
Trd, 086147.717, 130
Trd, 086147.750, 131
Trd, 086147.983, 123
Trd, 086148.050, 121
Trd, 086148.983, 140
Trd, 086149.583, 136
Trd, 086149.633, 134
Trd, 086149.850, 124
Trd, 086149.933, 140
Trd, 086150.267, 114
Trd, 086150.333, 129
Trd, 086150.417, 107
Trd, 086150.450, 115
Trd, 086150.533, 94
Trd, 086150.633, 109
Trd, 086150.800, 108
Trd, 086150.983, 119
Trd, 086151.483, 135
Trd, 086151.683, 119
Trd, 086151.883, 126
Trd, 086152.683, 135
Trd, 086152.817, 134
Trd, 086153.500, 126
Trd, 086153.583, 139
Trd, 086153.667, 140
Trd, 086153.800, 132
Trd, 086153.933, 124
Trd, 086154.117, 111
Trd, 086154.483, 134
Trd, 086154.650, 120
Trd, 086154.900, 140
Trd, 086155.017, 118
Trd, 086155.367, 140
Trd, 086155.667, 140
Trd, 086155.850, 122
Trd, 086156.050, 135
Trd, 086156.150, 125
Trd, 086156.767, 127
Trd, 086156.850, 128
Trd, 086157.617, 136
Trd, 086158.233, 135
Trd, 086158.417, 135
Trd, 086158.667, 134
Trd, 086158.767, 121
Trd, 086159.000, 120
Trd, 086159.250, 128
Trd, 086159.433, 136
Trd, 086160.250, 132
Trd, 086160.283, 131
Trd, 086160.500, 132
Trd, 086160.717, 134
Trd, 086160.933, 132
Trd, 086161.067, 139
Trd, 086161.167, 136
Trd, 086161.333, 131
Trd, 086161.767, 117
Trd, 086162.200, 119
Trd, 086162.367, 130
Trd, 086162.450, 138
Trd, 086162.467, 139
Trd, 086162.483, 124
Trd, 086162.833, 113
Trd, 086163.083, 140
Trd, 086163.133, 139
Trd, 086163.333, 138
Trd, 086163.717, 118
Trd, 086164.017, 135
Trd, 086164.300, 123
Trd, 086164.567, 111
Trd, 086164.700, 132
Trd, 086164.867, 113
Trd, 086165.550, 128
Trd, 086165.717, 102
Trd, 086165.967, 104
Trd, 086166.250, 102
Trd, 086166.467, 108
Trd, 086166.800, 126
Trd, 086166.867, 105
Trd, 086167.567, 125
Trd, 086167.817, 139
Trd, 086167.833, 128
Trd, 086167.883, 120
Trd, 086168.050, 108
Trd, 086168.500, 140
Trd, 086168.600, 139
Trd, 086168.700, 118
Trd, 086169.167, 140
Trd, 086169.217, 139
Trd, 086169.433, 133
Trd, 086169.850, 116
Trd, 086170.367, 117
Trd, 086170.467, 116
Trd, 086170.600, 108
Trd, 086170.950, 125
Trd, 086170.967, 105
Trd, 086171.667, 136
Trd, 086171.700, 132
Trd, 086171.817, 138
Trd, 086172.067, 120
Trd, 086172.450, 125
Trd, 086172.700, 140
Trd, 086173.167, 140
Trd, 086173.233, 140
Trd, 086173.350, 132
Trd, 086173.600, 135
Trd, 086174.517, 132
Trd, 086174.933, 125
Trd, 086175.100, 119
Trd, 086175.117, 124
Trd, 086175.683, 112
Trd, 086175.733, 126
Trd, 086175.783, 108
Trd, 086176.100, 103
Trd, 086176.183, 128
Trd, 086176.333, 130
Trd, 086176.383, 131
Trd, 086176.633, 103
Trd, 086176.867, 101
Trd, 086176.950, 104
Trd, 086176.983, 99
Trd, 086177.067, 96
Trd, 086177.083, 112
Trd, 086177.200, 117
Trd, 086177.850, 131
Trd, 086177.883, 85
Trd, 086178.633, 140
Trd, 086178.867, 140
Trd, 086178.933, 139
Trd, 086179.050, 139
Trd, 086179.317, 138
Trd, 086179.383, 137
Trd, 086179.800, 128
Trd, 086180.283, 120
Trd, 086180.583, 137
Trd, 086180.667, 114
Trd, 086180.750, 113
Trd, 086180.867, 110
Trd, 086181.267, 122
Trd, 086181.533, 134
Trd, 086181.867, 129
Trd, 086182.117, 120
Trd, 086182.550, 123
Trd, 086183.233, 123
Trd, 086183.333, 112
Trd, 086183.400, 124
Trd, 086183.817, 111
Trd, 086183.900, 110
Trd, 086184.100, 107
Trd, 086184.167, 126
Trd, 086184.217, 109
Trd, 086184.733, 115
Trd, 086184.967, 107
Trd, 086185.083, 109
Trd, 086185.450, 104
Trd, 086185.500, 137
Trd, 086185.550, 140
Trd, 086185.833, 138
Trd, 086186.117, 120
Trd, 086186.817, 133
Trd, 086187.083, 124
Trd, 086187.350, 115
Trd, 086187.850, 125
Trd, 086187.950, 124
Trd, 086187.983, 108
Trd, 086188.033, 95
Trd, 086188.467, 129
Trd, 086188.583, 136
Trd, 086188.750, 133
Trd, 086188.967, 140
Trd, 086189.300, 130
Trd, 086190.317, 140
Trd, 086190.333, 140
Trd, 086190.367, 131
Trd, 086191.117, 128
Trd, 086191.333, 129
Trd, 086191.617, 125
Trd, 086191.933, 132
Trd, 086191.950, 134
Trd, 086192.150, 127
Trd, 086192.667, 139
Trd, 086193.367, 139
Trd, 086193.417, 138
Trd, 086193.467, 137
Trd, 086193.667, 139
Trd, 086194.483, 117
Trd, 086194.550, 113
Trd, 086194.633, 112
Trd, 086195.300, 127
Trd, 086195.583, 136
Trd, 086195.667, 131
Trd, 086195.700, 138
Trd, 086195.933, 129
Trd, 086196.350, 140
Trd, 086196.717, 131
Trd, 086197.117, 140
Trd, 086197.183, 130
Trd, 086197.250, 129
Trd, 086197.567, 132
Trd, 086197.633, 129
Trd, 086197.783, 121
Trd, 086197.883, 120
Trd, 086198.183, 111
Trd, 086198.550, 131
Trd, 086198.650, 122
Trd, 086198.750, 120
Trd, 086198.850, 138
Trd, 086199.067, 116
Trd, 086199.433, 128
Trd, 086199.617, 119
Trd, 086199.900, 118
Trd, 086200.300, 120
Trd, 086200.400, 122
Trd, 086200.717, 121
Trd, 086201.300, 132
Trd, 086201.633, 133
Trd, 086201.950, 133
Trd, 086202.283, 126
Trd, 086202.617, 125
Trd, 086202.633, 133
Trd, 086203.333, 122
Trd, 086203.367, 117
Trd, 086203.400, 116
Trd, 086203.467, 111
Trd, 086203.517, 105
Trd, 086203.533, 99
Trd, 086203.817, 98
Trd, 086204.083, 105
Trd, 086204.133, 107
Trd, 086204.183, 87
Trd, 086204.250, 72
Trd, 086204.317, 117
Trd, 086205.000, 133
Trd, 086205.083, 106
Trd, 086205.317, 88
Trd, 086205.400, 95
Trd, 086205.583, 130
Trd, 086206.267, 115
Trd, 086206.617, 102
Trd, 086206.883, 128
Trd, 086207.783, 130
Trd, 086208.050, 131
Trd, 086208.067, 129
Trd, 086208.133, 132
Trd, 086208.317, 134
Trd, 086208.550, 131
Trd, 086209.500, 134
Trd, 086209.717, 130
Trd, 086209.750, 129
Trd, 086209.900, 126
Trd, 086210.350, 125
Trd, 086210.567, 134
Trd, 086210.933, 121
Trd, 086211.800, 129
Trd, 086211.983, 138
Trd, 086212.000, 137
Trd, 086212.100, 139
Trd, 086212.417, 119
Trd, 086212.450, 119
Trd, 086213.033, 127
Trd, 086213.267, 120
Trd, 086213.450, 128
Trd, 086213.533, 120
Trd, 086213.950, 135
Trd, 086214.017, 129
Trd, 086214.233, 106
Trd, 086214.383, 91
Trd, 086214.500, 140
Trd, 086214.900, 132
Trd, 086215.017, 130
Trd, 086215.133, 135
Trd, 086215.200, 129
Trd, 086215.567, 140
Trd, 086216.067, 129
Trd, 086216.133, 127
Trd, 086216.400, 140
Trd, 086216.583, 138
Trd, 086216.800, 135
Trd, 086217.067, 139
Trd, 086217.533, 133
Trd, 086217.817, 135
Trd, 086218.150, 135
Trd, 086218.167, 118
Trd, 086218.333, 115
Trd, 086218.600, 138
Trd, 086218.633, 139
Trd, 086218.717, 136
Trd, 086218.733, 135
Trd, 086219.150, 140
Trd, 086219.200, 135
Trd, 086219.450, 134
Trd, 086219.750, 129
Trd, 086220.267, 120
Trd, 086220.317, 126
Trd, 086220.550, 115
Trd, 086220.817, 133
Trd, 086220.867, 132
Trd, 086220.933, 126
Trd, 086221.917, 101
Trd, 086221.933, 92
Trd, 086222.317, 137
Trd, 086222.333, 136
Trd, 086222.600, 119
Trd, 086222.667, 111
Trd, 086223.000, 125
Trd, 086223.100, 117
Trd, 086223.400, 109
Trd, 086223.850, 140
Trd, 086224.317, 130
Trd, 086224.517, 117
Trd, 086224.567, 116
Trd, 086224.883, 131
Trd, 086224.933, 124
Trd, 086225.017, 123
Trd, 086225.183, 138
Trd, 086225.350, 130
Trd, 086225.650, 126
Trd, 086226.733, 138
Trd, 086227.117, 132
Trd, 086227.267, 135
Trd, 086227.383, 131
Trd, 086227.550, 138
Trd, 086227.800, 139
Trd, 086228.000, 132
Trd, 086228.550, 138
Trd, 086228.583, 130
Trd, 086229.083, 137
Trd, 086229.150, 123
Trd, 086229.383, 140
Trd, 086229.750, 125
Trd, 086229.783, 123
Trd, 086230.383, 125
Trd, 086230.633, 131
Trd, 086230.767, 139
Trd, 086230.883, 133
Trd, 086231.367, 140
Trd, 086231.700, 134
Trd, 086231.983, 133
Trd, 086232.067, 131
Trd, 086232.567, 118
Trd, 086232.850, 117
Trd, 086233.217, 125
Trd, 086233.250, 107
Trd, 086233.533, 128
Trd, 086233.867, 130
Trd, 086234.000, 102
Trd, 086234.050, 98
Trd, 086234.283, 122
Trd, 086234.400, 118
Trd, 086234.533, 115
Trd, 086234.883, 126
Trd, 086235.167, 140
Trd, 086235.417, 140
Trd, 086235.567, 140
Trd, 086236.417, 138
Trd, 086237.600, 138
Trd, 086237.633, 131
Trd, 086237.917, 138
Trd, 086238.167, 140
Trd, 086238.300, 140
Trd, 086238.733, 136
Trd, 086239.150, 131
Trd, 086239.350, 122
Trd, 086240.000, 128
Trd, 086240.083, 130
Trd, 086240.217, 133
Trd, 086240.450, 140
Trd, 086240.617, 130
Trd, 086240.767, 126
Trd, 086241.100, 133
Trd, 086241.350, 119
Trd, 086241.567, 136
Trd, 086241.800, 122
Trd, 086242.150, 128
Trd, 086242.183, 140
Trd, 086242.317, 126
Trd, 086242.833, 125
Trd, 086243.233, 140
Trd, 086243.300, 140
Trd, 086243.333, 133
Trd, 086243.483, 112
Trd, 086243.800, 126
Trd, 086244.067, 136
Trd, 086244.333, 104
Trd, 086244.583, 130
Trd, 086244.767, 114
Trd, 086245.050, 113
Trd, 086245.267, 131
Trd, 086245.383, 122
Trd, 086245.700, 131
Trd, 086245.800, 108
Trd, 086245.817, 134
Trd, 086246.117, 139
Trd, 086247.833, 140
Trd, 086248.500, 140
Trd, 086248.583, 139
Trd, 086248.633, 134
Trd, 086249.417, 131
Trd, 086249.700, 130
Trd, 086249.767, 130
Trd, 086249.900, 128
Trd, 086250.433, 140
Trd, 086250.767, 137
Trd, 086250.950, 138
Trd, 086251.200, 137
Trd, 086251.317, 136
Trd, 086251.633, 136
Trd, 086252.467, 134
Trd, 086252.483, 130
Trd, 086252.633, 121
Trd, 086252.767, 137
Trd, 086253.217, 137
Trd, 086253.567, 134
Trd, 086253.700, 130
Trd, 086253.767, 118
Trd, 086253.950, 114
Trd, 086254.017, 111
Trd, 086254.167, 110
Trd, 086254.850, 135
Trd, 086255.017, 134
Trd, 086255.083, 133
Trd, 086255.200, 117
Trd, 086255.233, 112
Trd, 086255.317, 111
Trd, 086255.667, 115
Trd, 086255.917, 97
Trd, 086255.983, 136
Trd, 086256.000, 115
Trd, 086256.017, 139
Trd, 086256.450, 130
Trd, 086256.683, 138
Trd, 086257.167, 103
Trd, 086257.533, 111
Trd, 086258.067, 132
Trd, 086258.333, 108
Trd, 086258.867, 133
Trd, 086258.900, 127
Trd, 086259.000, 134
Trd, 086259.233, 124
Trd, 086259.650, 121
Trd, 086259.783, 122
Trd, 086259.917, 125
Trd, 086259.950, 112
Trd, 086259.967, 133
Trd, 086260.217, 126
Trd, 086260.417, 111
Trd, 086260.550, 94
Trd, 086260.650, 88
Trd, 086260.683, 101
Trd, 086261.017, 140
Trd, 086261.133, 131
Trd, 086261.300, 132
Trd, 086261.883, 119
Trd, 086262.217, 140
Trd, 086262.467, 140
Trd, 086262.500, 140
Trd, 086262.783, 103
Trd, 086263.117, 137
Trd, 086263.217, 135
Trd, 086263.433, 126
Trd, 086263.817, 139
Trd, 086264.133, 138
Trd, 086264.417, 135
Trd, 086265.800, 140
Trd, 086265.900, 140
Trd, 086265.983, 139
Trd, 086266.033, 124
Trd, 086266.217, 112
Trd, 086266.733, 135
Trd, 086267.250, 134
Trd, 086267.400, 132
Trd, 086267.767, 115
Trd, 086267.817, 115
Trd, 086267.850, 126
Trd, 086268.083, 114
Trd, 086268.183, 129
Trd, 086268.733, 112
Trd, 086269.517, 124
Trd, 086269.617, 112
Trd, 086269.900, 100
Trd, 086269.933, 99
Trd, 086270.033, 98
Trd, 086270.250, 124
Trd, 086270.450, 135
Trd, 086270.617, 125
Trd, 086271.017, 137
Trd, 086271.033, 120
Trd, 086271.350, 139
Trd, 086271.450, 119
Trd, 086271.983, 133
Trd, 086272.083, 111
Trd, 086272.183, 108
Trd, 086272.517, 113
Trd, 086272.600, 118
Trd, 086272.700, 113
Trd, 086272.750, 101
Trd, 086273.283, 140
Trd, 086273.750, 140
Trd, 086274.050, 140
Trd, 086274.233, 139
Trd, 086274.433, 138
Trd, 086274.833, 136
Trd, 086275.533, 135
Trd, 086275.683, 136
Trd, 086276.017, 129
Trd, 086276.050, 121
Trd, 086276.183, 119
Trd, 086276.683, 122
Trd, 086277.233, 112
Trd, 086277.417, 109
Trd, 086277.633, 135
Trd, 086277.833, 121
Trd, 086277.850, 136
Trd, 086278.017, 115
Trd, 086278.633, 135
Trd, 086278.733, 125
Trd, 086279.317, 136
Trd, 086279.533, 127
Trd, 086279.850, 138
Trd, 086280.167, 131
Trd, 086280.433, 138
Trd, 086280.733, 135
Trd, 086280.850, 140
Trd, 086280.900, 139
Trd, 086280.933, 134
Trd, 086280.983, 130
Trd, 086281.383, 107
Trd, 086281.450, 104
Trd, 086282.417, 138
Trd, 086282.450, 135
Trd, 086282.683, 121
Trd, 086282.917, 119
Trd, 086283.333, 135
Trd, 086283.617, 128
Trd, 086283.867, 140
Trd, 086283.967, 131
Trd, 086284.467, 139
Trd, 086284.567, 139
Trd, 086285.150, 139
Trd, 086285.283, 138
Trd, 086285.517, 133
Trd, 086285.650, 133
Trd, 086285.717, 118
Trd, 086285.883, 112
Trd, 086286.200, 140
Trd, 086286.383, 137
Trd, 086286.617, 117
Trd, 086286.683, 140
Trd, 086286.717, 96
Trd, 086287.017, 140
Trd, 086287.217, 134
Trd, 086287.250, 128
Trd, 086287.733, 133
Trd, 086288.150, 125
Trd, 086288.533, 138
Trd, 086289.133, 137
Trd, 086289.617, 136
Trd, 086289.800, 136
Trd, 086289.917, 126
Trd, 086290.433, 121
Trd, 086290.500, 118
Trd, 086290.633, 120
Trd, 086290.933, 122
Trd, 086291.067, 125
Trd, 086291.317, 113
Trd, 086291.500, 115
Trd, 086291.733, 115
Trd, 086291.767, 110
Trd, 086292.333, 110
Trd, 086292.667, 110
Trd, 086292.767, 109
Trd, 086293.600, 133
Trd, 086294.433, 131
Trd, 086294.700, 135
Trd, 086294.717, 127
Trd, 086294.933, 136
Trd, 086295.017, 126
Trd, 086295.067, 116
Trd, 086295.583, 138
Trd, 086296.150, 137
Trd, 086296.567, 140
Trd, 086296.650, 133
Trd, 086296.750, 138
Trd, 086296.833, 138
Trd, 086296.900, 128
Trd, 086297.350, 124
Trd, 086297.617, 123
Trd, 086297.700, 119
Trd, 086297.767, 135
Trd, 086297.883, 101
Trd, 086298.300, 140
Trd, 086298.317, 138
Trd, 086298.733, 129
Trd, 086299.517, 140
Trd, 086299.967, 139
Trd, 086300.300, 135
Trd, 086300.400, 134
Trd, 086300.483, 133
Trd, 086300.883, 140
Trd, 086301.083, 139
Trd, 086301.217, 139
Trd, 086301.900, 132
Trd, 086302.083, 123
Trd, 086302.383, 122
Trd, 086302.417, 129
Trd, 086302.533, 133
Trd, 086303.467, 139
Trd, 086304.167, 140
Trd, 086304.433, 140
Trd, 086304.450, 140
Trd, 086305.150, 139
Trd, 086305.300, 137
Trd, 086306.000, 138
Trd, 086306.183, 137
Trd, 086306.283, 131
Trd, 086306.483, 123
Trd, 086306.500, 116
Trd, 086306.667, 133
Trd, 086306.783, 135
Trd, 086306.883, 114
Trd, 086307.233, 139
Trd, 086307.300, 131
Trd, 086307.383, 131
Trd, 086307.450, 130
Trd, 086307.467, 112
Trd, 086308.283, 124
Trd, 086308.700, 131
Trd, 086309.033, 128
Trd, 086309.200, 125
Trd, 086309.317, 136
Trd, 086309.400, 111
Trd, 086309.483, 109
Trd, 086309.650, 107
Trd, 086309.883, 100
Trd, 086310.500, 140
Trd, 086310.933, 123
Trd, 086310.950, 104
Trd, 086311.017, 100
Trd, 086311.033, 97
Trd, 086311.200, 140
Trd, 086311.583, 127
Trd, 086312.283, 132
Trd, 086312.533, 122
Trd, 086312.567, 114
Trd, 086312.600, 114
Trd, 086312.617, 113
Trd, 086313.167, 129
Trd, 086313.550, 116
Trd, 086313.650, 107
Trd, 086313.917, 120
Trd, 086313.933, 121
Trd, 086314.167, 106
Trd, 086314.317, 124
Trd, 086314.433, 116
Trd, 086315.333, 120
Trd, 086315.533, 121
Trd, 086316.067, 121
Trd, 086316.167, 119
Trd, 086316.200, 125
Trd, 086316.433, 117
Trd, 086316.967, 133
Trd, 086317.133, 140
Trd, 086317.350, 136
Trd, 086317.533, 135
Trd, 086318.133, 137
Trd, 086318.150, 130
Trd, 086318.650, 139
Trd, 086319.467, 139
Trd, 086319.483, 133
Trd, 086319.850, 139
Trd, 086320.583, 139
Trd, 086321.067, 138
Trd, 086321.167, 125
Trd, 086321.200, 111
Trd, 086321.533, 111
Trd, 086321.550, 122
Trd, 086322.200, 140
Trd, 086322.533, 130
Trd, 086322.600, 130
Trd, 086323.200, 133
Trd, 086323.350, 133
Trd, 086323.383, 124
Trd, 086323.767, 133
Trd, 086323.850, 132
Trd, 086323.917, 120
Trd, 086324.267, 134
Trd, 086324.317, 133
Trd, 086324.467, 132
Trd, 086325.183, 139
Trd, 086325.700, 139
Trd, 086325.783, 138
Trd, 086326.067, 121
Trd, 086326.500, 132
Trd, 086326.567, 115
Trd, 086326.733, 114
Trd, 086326.817, 127
Trd, 086326.883, 113
Trd, 086327.083, 139
Trd, 086327.550, 135
Trd, 086327.933, 132
Trd, 086328.133, 123
Trd, 086328.317, 127
Trd, 086328.717, 112
Trd, 086328.900, 110
Trd, 086329.517, 121
Trd, 086329.933, 122
Trd, 086330.050, 98
Trd, 086330.300, 117
Trd, 086330.517, 109
Trd, 086331.283, 119
Trd, 086331.567, 105
Trd, 086331.667, 133
Trd, 086331.800, 125
Trd, 086332.217, 134
Trd, 086332.233, 135
Trd, 086332.533, 140
Trd, 086332.700, 107
Trd, 086333.633, 122
Trd, 086333.867, 122
Trd, 086334.450, 121
Trd, 086334.700, 117
Trd, 086334.783, 127
Trd, 086335.317, 129
Trd, 086335.400, 116
Trd, 086335.650, 131
Trd, 086335.767, 133
Trd, 086336.350, 116
Trd, 086336.383, 115
Trd, 086336.467, 121
Trd, 086336.600, 136
Trd, 086337.117, 111
Trd, 086337.200, 139
Trd, 086337.433, 138
Trd, 086338.483, 138
Trd, 086338.783, 123
Trd, 086338.817, 122
Trd, 086338.983, 132
Trd, 086339.183, 125
Trd, 086339.300, 119
Trd, 086339.483, 118
Trd, 086339.533, 138
Trd, 086340.000, 132
Trd, 086340.600, 130
Trd, 086340.667, 117
Trd, 086340.833, 134
Trd, 086341.033, 138
Trd, 086341.450, 130
Trd, 086341.750, 137
Trd, 086342.117, 140
Trd, 086342.233, 125
Trd, 086342.433, 124
Trd, 086342.550, 128
Trd, 086342.667, 123
Trd, 086342.900, 139
Trd, 086343.483, 140
Trd, 086343.883, 140
Trd, 086344.150, 134
Trd, 086344.417, 133
Trd, 086344.483, 113
Trd, 086344.683, 114
Trd, 086344.800, 112
Trd, 086345.000, 114
Trd, 086345.133, 101
Trd, 086345.733, 122
Trd, 086345.783, 117
Trd, 086345.850, 99
Trd, 086345.917, 97
Trd, 086346.567, 140
Trd, 086346.650, 140
Trd, 086346.783, 140
Trd, 086346.917, 127
Trd, 086347.217, 97
Trd, 086347.267, 100
Trd, 086347.300, 103
Trd, 086347.567, 90
Trd, 086347.733, 100
Trd, 086347.933, 102
Trd, 086348.050, 103
Trd, 086348.117, 69
Trd, 086348.450, 94
Trd, 086348.583, 95
Trd, 086348.783, 102
Trd, 086349.000, 93
Trd, 086349.050, 81
Trd, 086349.233, 104
Trd, 086349.683, 121
Trd, 086349.817, 107
Trd, 086349.917, 106
Trd, 086350.017, 114
Trd, 086350.267, 140
Trd, 086350.633, 137
Trd, 086350.783, 139
Trd, 086350.983, 136
Trd, 086351.050, 134
Trd, 086351.317, 132
Trd, 086351.717, 120
Trd, 086351.767, 131
Trd, 086352.017, 119
Trd, 086352.150, 140
Trd, 086352.350, 104
Trd, 086352.883, 137
Trd, 086352.950, 136
Trd, 086353.350, 119
Trd, 086353.917, 119
Trd, 086353.950, 111
Trd, 086355.083, 140
Trd, 086355.467, 140
Trd, 086355.950, 138
Trd, 086355.967, 138
Trd, 086356.267, 135
Trd, 086356.283, 131
Trd, 086356.467, 126
Trd, 086356.583, 138
Trd, 086356.900, 139
Trd, 086357.017, 138
Trd, 086357.283, 134
Trd, 086357.583, 117
Trd, 086357.617, 130
Trd, 086357.867, 116
Trd, 086357.983, 114
Trd, 086358.000, 112
Trd, 086358.817, 135
Trd, 086359.083, 129
Trd, 086359.667, 125
Trd, 086360.333, 140
Trd, 086360.417, 137
Trd, 086360.883, 136
Trd, 086361.567, 140
Trd, 086361.700, 123
Trd, 086361.883, 134
Trd, 086362.100, 130
Trd, 086362.300, 139
Trd, 086362.383, 138
Trd, 086362.417, 127
Trd, 086363.467, 140
Trd, 086363.650, 140
Trd, 086363.950, 139
Trd, 086364.033, 138
Trd, 086364.483, 137
Trd, 086365.233, 136
Trd, 086365.367, 139
Trd, 086365.400, 126
Trd, 086365.683, 126
Trd, 086366.050, 138
Trd, 086366.117, 125
Trd, 086367.067, 137
Trd, 086367.250, 123
Trd, 086367.617, 129
Trd, 086368.217, 140
Trd, 086368.717, 140
Trd, 086368.733, 134
Trd, 086369.100, 136
Trd, 086369.150, 136
Trd, 086369.367, 134
Trd, 086369.583, 139
Trd, 086369.700, 128
Trd, 086370.083, 122
Trd, 086370.333, 116
Trd, 086370.800, 134
Trd, 086371.200, 137
Trd, 086371.217, 121
Trd, 086371.517, 137
Trd, 086371.533, 117
Trd, 086371.567, 115
Trd, 086371.917, 110
Trd, 086372.417, 116
Trd, 086372.533, 126
Trd, 086372.717, 128
Trd, 086372.733, 104
Trd, 086372.983, 132
Trd, 086373.400, 104
Trd, 086373.533, 105
Trd, 086373.700, 101
Trd, 086374.167, 105
Trd, 086374.333, 100
Trd, 086374.433, 109
Trd, 086374.517, 98
Trd, 086375.000, 137
Trd, 086375.950, 140
Trd, 086376.167, 140
Trd, 086376.483, 140
Trd, 086376.800, 139
Trd, 086377.083, 136
Trd, 086377.133, 122
Trd, 086377.350, 140
Trd, 086377.450, 124
Trd, 086377.533, 121
Trd, 086378.050, 140
Trd, 086378.617, 139
Trd, 086379.500, 140
Trd, 086380.150, 140
Trd, 086380.317, 140
Trd, 086380.450, 139
Trd, 086380.667, 129
Trd, 086381.117, 135
Trd, 086381.267, 134
Trd, 086381.367, 126
Trd, 086381.400, 123
Trd, 086381.600, 136
Trd, 086382.233, 140
Trd, 086382.633, 138
Trd, 086383.350, 140
Trd, 086383.650, 138
Trd, 086383.883, 134
Trd, 086384.167, 129
Trd, 086384.300, 139
Trd, 086384.483, 140
Trd, 086384.550, 140
Trd, 086385.050, 123
Trd, 086385.150, 131
Trd, 086385.517, 139
Trd, 086386.300, 137
Trd, 086386.683, 125
Trd, 086387.367, 125
Trd, 086387.583, 138
Trd, 086387.850, 130
Trd, 086387.867, 128
Trd, 086387.883, 122
Trd, 086388.450, 137
Trd, 086388.700, 136
Trd, 086388.983, 137
Trd, 086389.217, 140
Trd, 086389.267, 136
Trd, 086390.217, 134
Trd, 086390.333, 133
Trd, 086390.433, 132
Trd, 086390.917, 129
Trd, 086391.050, 124
Trd, 086391.100, 123
Trd, 086391.217, 123
Trd, 086391.350, 126
Trd, 086391.467, 120
Trd, 086391.533, 133
Trd, 086391.633, 136
Trd, 086391.983, 116
Trd, 086392.050, 111
Trd, 086392.467, 128
Trd, 086392.883, 139
Trd, 086393.367, 125
Trd, 086393.450, 119
Trd, 086393.533, 118
Trd, 086393.567, 114
Trd, 086393.767, 113
Trd, 086394.183, 140
Trd, 086394.433, 133
Trd, 086394.717, 122
Trd, 086395.050, 112
Trd, 086395.250, 108
Trd, 086395.767, 137
Trd, 086396.300, 140
Trd, 086396.417, 139
Trd, 086396.683, 140
Trd, 086397.117, 130
Trd, 086397.200, 130
Trd, 086397.483, 117
Trd, 086397.500, 111
Trd, 086397.667, 140
Trd, 086397.767, 140
Trd, 086397.917, 120
Trd, 086398.150, 116
Trd, 086398.567, 139
Trd, 086398.683, 131
Trd, 086398.900, 130
Trd, 086398.933, 138
Trd, 086399.267, 118
