Trd, 085783.950, 137
Trd, 085784.083, 140
Trd, 085784.233, 139
Trd, 085784.367, 133
Trd, 085784.767, 138
Trd, 085785.083, 119
Trd, 085785.267, 140
Trd, 085785.383, 139
Trd, 085785.933, 116
Trd, 085786.233, 120
Trd, 085786.267, 117
Trd, 085786.333, 112
Trd, 085786.383, 94
Trd, 085786.650, 131
Trd, 085786.933, 129
Trd, 085787.617, 78
Trd, 085787.733, 92
Trd, 085787.883, 129
Trd, 085788.400, 126
Trd, 085788.667, 113
Trd, 085788.700, 110
Trd, 085788.767, 105
Trd, 085788.883, 116
Trd, 085789.083, 126
Trd, 085789.250, 127
Trd, 085789.383, 137
Trd, 085789.517, 140
Trd, 085789.683, 128
Trd, 085789.850, 139
Trd, 085790.050, 126
Trd, 085790.733, 140
Trd, 085790.767, 140
Trd, 085791.100, 140
Trd, 085791.217, 140
Trd, 085791.467, 140
Trd, 085791.883, 140
Trd, 085792.367, 140
Trd, 085792.383, 140
Trd, 085792.450, 140
Trd, 085793.150, 139
Trd, 085793.483, 138
Trd, 085793.733, 131
Trd, 085794.017, 128
Trd, 085794.233, 125
Trd, 085794.350, 125
Trd, 085794.433, 111
Trd, 085794.633, 96
Trd, 085795.500, 140
Trd, 085796.117, 140
Trd, 085796.233, 139
Trd, 085796.417, 140
Trd, 085796.467, 129
Trd, 085796.983, 140
Trd, 085797.150, 140
Trd, 085797.233, 139
Trd, 085797.300, 137
Trd, 085797.317, 129
Trd, 085797.333, 129
Trd, 085797.517, 114
Trd, 085797.683, 113
Trd, 085798.100, 126
Trd, 085798.250, 127
Trd, 085798.467, 130
Trd, 085798.650, 137
Trd, 085798.750, 135
Trd, 085799.117, 120
Trd, 085799.383, 114
Trd, 085799.517, 114
Trd, 085799.833, 137
Trd, 085800.283, 120
Trd, 085801.850, 139
Trd, 085801.950, 125
Trd, 085802.150, 139
Trd, 085802.817, 140
Trd, 085803.067, 137
Trd, 085803.083, 136
Trd, 085803.250, 140
Trd, 085803.283, 140
Trd, 085803.683, 139
Trd, 085803.717, 133
Trd, 085803.883, 140
Trd, 085804.217, 138
Trd, 085804.233, 121
Trd, 085804.283, 139
Trd, 085804.400, 115
Trd, 085804.767, 137
Trd, 085805.133, 139
Trd, 085805.150, 132
Trd, 085805.400, 113
Trd, 085805.817, 140
Trd, 085805.967, 112
Trd, 085806.400, 106
Trd, 085806.550, 114
Trd, 085806.650, 112
Trd, 085806.900, 105
Trd, 085807.650, 109
Trd, 085807.733, 109
Trd, 085807.833, 110
Trd, 085807.967, 106
Trd, 085808.183, 131
Trd, 085808.250, 103
Trd, 085808.667, 129
Trd, 085808.917, 105
Trd, 085808.933, 106
Trd, 085809.150, 132
Trd, 085809.317, 130
Trd, 085810.167, 128
Trd, 085810.233, 118
Trd, 085810.350, 117
Trd, 085810.717, 111
Trd, 085811.083, 125
Trd, 085811.250, 127
Trd, 085811.383, 110
Trd, 085811.400, 104
Trd, 085811.583, 140
Trd, 085811.800, 101
Trd, 085812.350, 140
Trd, 085812.500, 139
Trd, 085813.050, 138
Trd, 085813.150, 124
Trd, 085813.300, 117
Trd, 085813.450, 110
Trd, 085813.600, 95
Trd, 085813.867, 96
Trd, 085813.933, 97
Trd, 085814.183, 119
Trd, 085814.250, 116
Trd, 085814.383, 102
Trd, 085814.433, 73
Trd, 085814.467, 125
Trd, 085814.883, 134
Trd, 085815.150, 102
Trd, 085815.283, 135
Trd, 085815.417, 97
Trd, 085815.750, 84
Trd, 085815.967, 85
Trd, 085816.000, 83
Trd, 085816.317, 70
Trd, 085816.383, 88
Trd, 085817.133, 111
Trd, 085817.317, 119
Trd, 085817.333, 104
Trd, 085817.433, 121
Trd, 085817.467, 122
Trd, 085817.750, 132
Trd, 085817.850, 133
Trd, 085818.967, 137
Trd, 085819.083, 114
Trd, 085819.150, 140
Trd, 085819.217, 131
Trd, 085819.467, 119
Trd, 085820.450, 103
Trd, 085820.567, 98
Trd, 085821.283, 140
Trd, 085821.383, 138
Trd, 085821.717, 140
Trd, 085822.450, 140
Trd, 085822.533, 140
Trd, 085822.617, 139
Trd, 085822.783, 134
Trd, 085823.100, 131
Trd, 085823.250, 133
Trd, 085823.817, 140
Trd, 085823.850, 139
Trd, 085824.033, 139
Trd, 085824.300, 138
Trd, 085824.717, 121
Trd, 085825.033, 131
Trd, 085825.050, 133
Trd, 085825.233, 135
Trd, 085825.350, 110
Trd, 085825.600, 103
Trd, 085825.800, 136
Trd, 085826.117, 134
Trd, 085826.383, 116
Trd, 085826.517, 102
Trd, 085826.767, 134
Trd, 085826.900, 133
Trd, 085827.017, 133
Trd, 085827.133, 126
Trd, 085827.217, 124
Trd, 085827.283, 116
Trd, 085827.367, 99
Trd, 085827.767, 134
Trd, 085828.900, 125
Trd, 085829.083, 139
Trd, 085829.367, 124
Trd, 085829.533, 120
Trd, 085829.783, 140
Trd, 085830.750, 137
Trd, 085830.833, 136
Trd, 085831.083, 121
Trd, 085831.150, 138
Trd, 085831.517, 113
Trd, 085831.683, 140
Trd, 085832.483, 114
Trd, 085832.683, 123
Trd, 085832.867, 124
Trd, 085832.883, 122
Trd, 085833.067, 132
Trd, 085833.267, 109
Trd, 085833.283, 108
Trd, 085833.400, 102
Trd, 085833.833, 139
Trd, 085833.967, 137
Trd, 085834.283, 134
Trd, 085834.300, 133
Trd, 085834.450, 136
Trd, 085834.467, 126
Trd, 085834.900, 126
Trd, 085835.400, 133
Trd, 085835.517, 96
Trd, 085835.667, 93
Trd, 085835.900, 86
Trd, 085836.117, 84
Trd, 085836.150, 65
Trd, 085836.300, 63
Trd, 085836.383, 63
Trd, 085836.450, 81
Trd, 085836.483, 121
Trd, 085836.550, 134
Trd, 085836.733, 135
Trd, 085837.600, 109
Trd, 085837.733, 106
Trd, 085837.817, 108
Trd, 085837.867, 109
Trd, 085837.950, 110
Trd, 085838.083, 105
Trd, 085838.150, 132
Trd, 085838.333, 93
Trd, 085838.933, 137
Trd, 085839.700, 139
Trd, 085839.800, 136
Trd, 085840.017, 136
Trd, 085840.083, 140
Trd, 085840.200, 116
Trd, 085840.833, 114
Trd, 085841.067, 106
Trd, 085841.217, 115
Trd, 085841.333, 116
Trd, 085841.467, 105
Trd, 085841.600, 116
Trd, 085841.750, 114
Trd, 085841.817, 91
Trd, 085842.000, 90
Trd, 085842.167, 87
Trd, 085842.783, 84
Trd, 085843.017, 110
Trd, 085843.083, 112
Trd, 085843.133, 113
Trd, 085843.467, 116
Trd, 085843.800, 104
Trd, 085844.017, 106
Trd, 085844.100, 107
Trd, 085844.233, 107
Trd, 085844.500, 74
Trd, 085844.617, 73
Trd, 085844.650, 83
Trd, 085844.883, 78
Trd, 085845.050, 84
Trd, 085845.767, 83
Trd, 085845.850, 84
Trd, 085845.900, 116
Trd, 085846.083, 106
Trd, 085846.233, 124
Trd, 085846.433, 121
Trd, 085846.650, 107
Trd, 085846.983, 77
Trd, 085847.067, 91
Trd, 085847.317, 120
Trd, 085847.483, 106
Trd, 085847.717, 79
Trd, 085848.067, 93
Trd, 085848.467, 88
Trd, 085848.567, 131
Trd, 085848.650, 115
Trd, 085849.033, 89
Trd, 085849.167, 100
Trd, 085849.283, 101
Trd, 085849.417, 70
Trd, 085849.450, 103
Trd, 085849.683, 60
Trd, 085850.250, 131
Trd, 085850.317, 140
Trd, 085850.583, 130
Trd, 085851.000, 138
Trd, 085851.433, 140
Trd, 085851.517, 116
Trd, 085851.583, 114
Trd, 085851.700, 112
Trd, 085851.733, 111
Trd, 085851.850, 113
Trd, 085852.467, 121
Trd, 085852.517, 122
Trd, 085852.567, 117
Trd, 085852.867, 137
Trd, 085853.067, 119
Trd, 085853.133, 90
Trd, 085853.150, 85
Trd, 085853.483, 108
Trd, 085853.583, 138
Trd, 085853.817, 125
Trd, 085853.917, 140
Trd, 085854.200, 140
Trd, 085854.717, 103
Trd, 085854.800, 112
Trd, 085854.900, 106
Trd, 085855.150, 100
Trd, 085855.333, 113
Trd, 085855.367, 97
Trd, 085855.617, 140
Trd, 085855.967, 139
Trd, 085857.500, 140
Trd, 085857.617, 139
Trd, 085857.750, 138
Trd, 085857.800, 136
Trd, 085857.933, 138
Trd, 085858.150, 117
Trd, 085858.883, 133
Trd, 085859.183, 123
Trd, 085859.400, 116
Trd, 085859.483, 111
Trd, 085859.517, 130
Trd, 085859.550, 110
Trd, 085859.783, 130
Trd, 085860.183, 130
Trd, 085860.267, 108
Trd, 085860.567, 112
Trd, 085860.850, 105
Trd, 085860.917, 121
Trd, 085861.000, 104
Trd, 085861.033, 122
Trd, 085861.133, 129
Trd, 085861.200, 130
Trd, 085861.217, 91
Trd, 085861.367, 130
Trd, 085861.417, 84
Trd, 085861.467, 75
Trd, 085862.133, 140
Trd, 085862.200, 139
Trd, 085862.233, 132
Trd, 085862.317, 127
Trd, 085863.117, 127
Trd, 085863.417, 128
Trd, 085863.633, 123
Trd, 085863.950, 109
Trd, 085864.117, 140
Trd, 085864.167, 105
Trd, 085865.383, 140
Trd, 085865.983, 140
Trd, 085866.200, 140
Trd, 085866.317, 138
Trd, 085866.367, 120
Trd, 085866.617, 125
Trd, 085866.717, 121
Trd, 085866.967, 126
Trd, 085867.083, 111
Trd, 085867.117, 125
Trd, 085867.167, 110
Trd, 085867.333, 104
Trd, 085867.500, 125
Trd, 085867.533, 125
Trd, 085867.550, 126
Trd, 085867.700, 93
Trd, 085868.350, 138
Trd, 085868.633, 137
Trd, 085868.833, 136
Trd, 085869.017, 139
Trd, 085869.033, 138
Trd, 085869.233, 130
Trd, 085870.017, 140
Trd, 085870.150, 135
Trd, 085870.800, 140
Trd, 085870.900, 140
Trd, 085871.150, 135
Trd, 085871.167, 132
Trd, 085871.400, 117
Trd, 085871.600, 105
Trd, 085871.617, 128
Trd, 085871.650, 104
Trd, 085872.150, 140
Trd, 085872.317, 98
Trd, 085872.700, 139
Trd, 085872.833, 133
Trd, 085873.200, 138
Trd, 085873.933, 140
Trd, 085874.183, 133
Trd, 085874.283, 132
Trd, 085874.450, 140
Trd, 085874.467, 98
Trd, 085874.983, 140
Trd, 085876.500, 133
Trd, 085876.583, 127
Trd, 085876.617, 123
Trd, 085876.700, 121
Trd, 085876.733, 119
Trd, 085876.817, 118
Trd, 085877.117, 105
Trd, 085877.217, 136
Trd, 085877.233, 106
Trd, 085877.500, 124
Trd, 085877.533, 137
Trd, 085878.750, 140
Trd, 085878.850, 137
Trd, 085879.350, 127
Trd, 085879.467, 128
Trd, 085879.600, 126
Trd, 085879.650, 107
Trd, 085880.000, 140
Trd, 085880.267, 127
Trd, 085880.633, 140
Trd, 085880.667, 127
Trd, 085880.767, 126
Trd, 085880.900, 125
Trd, 085881.067, 140
Trd, 085881.517, 138
Trd, 085882.383, 139
Trd, 085882.967, 138
Trd, 085883.033, 138
Trd, 085883.050, 140
Trd, 085883.417, 135
Trd, 085883.467, 134
Trd, 085883.600, 129
Trd, 085883.683, 118
Trd, 085884.150, 112
Trd, 085884.167, 140
Trd, 085884.300, 140
Trd, 085884.350, 139
Trd, 085884.733, 126
Trd, 085885.617, 121
Trd, 085885.950, 136
Trd, 085886.267, 118
Trd, 085886.333, 133
Trd, 085886.767, 132
Trd, 085886.967, 136
Trd, 085887.083, 128
Trd, 085887.267, 121
Trd, 085887.483, 113
Trd, 085887.767, 135
Trd, 085887.933, 136
Trd, 085888.600, 129
Trd, 085888.700, 126
Trd, 085888.850, 94
Trd, 085889.183, 109
Trd, 085889.217, 93
Trd, 085889.300, 110
Trd, 085889.417, 111
Trd, 085889.600, 91
Trd, 085889.650, 86
Trd, 085889.750, 138
Trd, 085889.933, 85
Trd, 085890.300, 140
Trd, 085890.433, 106
Trd, 085890.533, 73
Trd, 085890.933, 137
Trd, 085891.267, 140
Trd, 085892.000, 133
Trd, 085892.100, 131
Trd, 085892.167, 121
Trd, 085892.267, 113
Trd, 085892.583, 96
Trd, 085892.617, 120
Trd, 085893.000, 131
Trd, 085893.217, 132
Trd, 085893.683, 133
Trd, 085893.733, 130
Trd, 085893.933, 129
Trd, 085894.133, 140
Trd, 085894.467, 131
Trd, 085894.567, 124
Trd, 085894.900, 128
Trd, 085894.967, 106
Trd, 085895.000, 83
Trd, 085895.217, 63
Trd, 085895.517, 62
Trd, 085895.633, 63
Trd, 085895.683, 97
Trd, 085895.967, 131
Trd, 085896.183, 140
Trd, 085896.333, 140
Trd, 085896.717, 140
Trd, 085897.217, 135
Trd, 085897.850, 137
Trd, 085897.883, 139
Trd, 085897.917, 136
Trd, 085898.067, 139
Trd, 085898.450, 129
Trd, 085898.517, 132
Trd, 085898.633, 129
Trd, 085898.667, 129
Trd, 085898.800, 133
Trd, 085898.917, 139
Trd, 085899.517, 122
Trd, 085899.867, 118
Trd, 085899.933, 113
Trd, 085899.950, 108
Trd, 085900.033, 116
Trd, 085900.050, 100
Trd, 085900.417, 103
Trd, 085901.100, 108
Trd, 085901.133, 107
Trd, 085901.317, 105
Trd, 085901.950, 112
Trd, 085902.133, 111
Trd, 085902.283, 113
Trd, 085902.333, 114
Trd, 085902.683, 104
Trd, 085903.350, 104
Trd, 085903.467, 106
Trd, 085903.517, 114
Trd, 085903.950, 140
Trd, 085903.983, 139
Trd, 085904.033, 139
Trd, 085904.050, 130
Trd, 085904.467, 127
Trd, 085904.933, 136
Trd, 085905.283, 139
Trd, 085905.800, 139
Trd, 085905.883, 138
Trd, 085906.200, 140
Trd, 085906.317, 117
Trd, 085906.867, 137
Trd, 085907.167, 122
Trd, 085907.267, 121
Trd, 085907.283, 130
Trd, 085907.317, 116
Trd, 085907.417, 115
Trd, 085907.883, 76
Trd, 085908.100, 64
Trd, 085908.133, 62
Trd, 085908.367, 62
Trd, 085908.933, 117
Trd, 085908.983, 136
Trd, 085909.217, 136
Trd, 085909.350, 116
Trd, 085909.450, 101
Trd, 085910.083, 140
Trd, 085910.467, 140
Trd, 085910.867, 140
Trd, 085911.067, 140
Trd, 085911.083, 140
Trd, 085911.200, 139
Trd, 085911.517, 123
Trd, 085911.583, 122
Trd, 085912.033, 132
Trd, 085912.450, 115
Trd, 085912.500, 113
Trd, 085912.783, 120
Trd, 085912.917, 112
Trd, 085912.967, 119
Trd, 085913.183, 96
Trd, 085913.217, 91
Trd, 085913.300, 89
Trd, 085913.467, 88
Trd, 085913.783, 119
Trd, 085913.933, 121
Trd, 085914.333, 126
Trd, 085914.700, 121
Trd, 085914.717, 115
Trd, 085914.733, 88
Trd, 085914.917, 87
Trd, 085915.450, 127
Trd, 085915.600, 70
Trd, 085915.617, 71
Trd, 085915.700, 61
Trd, 085915.767, 129
Trd, 085915.817, 130
Trd, 085916.183, 66
Trd, 085916.633, 61
Trd, 085916.667, 62
Trd, 085916.933, 140
Trd, 085917.067, 122
Trd, 085917.967, 140
Trd, 085918.100, 136
Trd, 085918.650, 135
Trd, 085918.817, 120
Trd, 085919.350, 119
Trd, 085919.500, 116
Trd, 085919.933, 110
Trd, 085920.067, 101
Trd, 085920.367, 101
Trd, 085920.467, 100
Trd, 085920.483, 116
Trd, 085920.617, 95
Trd, 085922.500, 140
Trd, 085922.717, 140
Trd, 085922.783, 140
Trd, 085922.817, 140
Trd, 085922.850, 140
Trd, 085923.100, 137
Trd, 085923.150, 136
Trd, 085923.417, 128
Trd, 085923.733, 129
Trd, 085923.783, 140
Trd, 085924.000, 136
Trd, 085924.250, 124
Trd, 085924.633, 132
Trd, 085924.733, 137
Trd, 085924.750, 113
Trd, 085924.867, 106
Trd, 085925.000, 137
Trd, 085925.367, 90
Trd, 085925.700, 89
Trd, 085925.900, 79
Trd, 085926.033, 90
Trd, 085926.200, 91
Trd, 085926.433, 105
Trd, 085926.467, 124
Trd, 085926.883, 128
Trd, 085927.050, 114
Trd, 085927.233, 112
Trd, 085927.417, 95
Trd, 085927.433, 128
Trd, 085927.517, 86
Trd, 085927.917, 110
Trd, 085928.500, 119
Trd, 085928.883, 120
Trd, 085928.900, 106
Trd, 085928.967, 127
Trd, 085929.233, 101
Trd, 085929.317, 100
Trd, 085929.433, 98
Trd, 085930.400, 139
Trd, 085930.550, 124
Trd, 085930.667, 111
Trd, 085931.267, 134
Trd, 085931.333, 134
Trd, 085931.517, 139
Trd, 085931.817, 135
Trd, 085931.833, 133
Trd, 085932.183, 125
Trd, 085932.217, 135
Trd, 085932.500, 108
Trd, 085932.583, 124
Trd, 085932.633, 136
Trd, 085932.900, 134
Trd, 085932.933, 100
Trd, 085933.067, 98
Trd, 085933.533, 112
Trd, 085933.683, 96
Trd, 085934.017, 93
Trd, 085934.350, 126
Trd, 085934.550, 99
Trd, 085935.017, 132
Trd, 085935.200, 133
Trd, 085935.267, 121
Trd, 085935.633, 138
Trd, 085935.700, 113
Trd, 085935.800, 111
Trd, 085935.833, 109
Trd, 085935.933, 137
Trd, 085936.200, 88
Trd, 085936.683, 100
Trd, 085936.733, 102
Trd, 085936.800, 83
Trd, 085936.917, 79
Trd, 085936.967, 106
Trd, 085937.083, 124
Trd, 085937.433, 109
Trd, 085938.350, 140
Trd, 085938.517, 140
Trd, 085938.817, 139
Trd, 085938.850, 137
Trd, 085938.883, 124
Trd, 085939.183, 114
Trd, 085939.317, 105
Trd, 085939.600, 117
Trd, 085939.617, 109
Trd, 085940.000, 139
Trd, 085940.150, 116
Trd, 085940.833, 140
Trd, 085940.983, 140
Trd, 085941.217, 110
Trd, 085941.333, 105
Trd, 085941.767, 111
Trd, 085942.217, 108
Trd, 085942.250, 107
Trd, 085942.300, 107
Trd, 085942.750, 106
Trd, 085942.917, 102
Trd, 085943.133, 107
Trd, 085943.183, 111
Trd, 085943.217, 100
Trd, 085943.633, 103
Trd, 085943.717, 104
Trd, 085943.967, 100
Trd, 085944.083, 100
Trd, 085944.283, 99
Trd, 085944.567, 95
Trd, 085944.900, 138
Trd, 085945.067, 99
Trd, 085945.150, 100
Trd, 085945.167, 101
Trd, 085945.283, 100
Trd, 085945.783, 139
Trd, 085945.867, 138
Trd, 085945.983, 137
Trd, 085946.767, 140
Trd, 085946.833, 127
Trd, 085946.867, 124
Trd, 085947.050, 123
Trd, 085947.300, 121
Trd, 085947.850, 140
Trd, 085947.983, 140
Trd, 085948.333, 139
Trd, 085948.483, 140
Trd, 085948.600, 128
Trd, 085949.100, 140
Trd, 085949.267, 139
Trd, 085949.583, 136
Trd, 085949.633, 125
Trd, 085950.283, 118
Trd, 085950.450, 117
Trd, 085950.883, 140
Trd, 085950.917, 139
Trd, 085950.967, 117
Trd, 085951.167, 136
Trd, 085951.517, 140
Trd, 085951.567, 131
Trd, 085951.733, 115
Trd, 085951.983, 111
Trd, 085952.300, 124
Trd, 085952.450, 124
Trd, 085952.467, 111
Trd, 085952.500, 126
Trd, 085952.700, 140
Trd, 085953.000, 120
Trd, 085953.067, 138
Trd, 085953.167, 139
Trd, 085953.900, 133
Trd, 085954.383, 136
Trd, 085954.517, 125
Trd, 085954.767, 124
Trd, 085955.133, 135
Trd, 085955.383, 120
Trd, 085955.467, 140
Trd, 085955.783, 121
Trd, 085956.117, 140
Trd, 085956.350, 122
Trd, 085956.583, 140
Trd, 085957.000, 137
Trd, 085957.050, 122
Trd, 085957.250, 139
Trd, 085957.317, 121
Trd, 085957.617, 120
Trd, 085957.667, 108
Trd, 085957.750, 137
Trd, 085957.850, 108
Trd, 085958.600, 139
Trd, 085958.683, 139
Trd, 085958.967, 127
Trd, 085959.033, 140
Trd, 085959.867, 136
Trd, 085960.017, 127
Trd, 085960.100, 137
Trd, 085960.133, 123
Trd, 085960.283, 139
Trd, 085960.500, 139
Trd, 085960.900, 115
Trd, 085961.067, 140
Trd, 085961.150, 114
Trd, 085961.883, 129
Trd, 085961.917, 120
Trd, 085962.233, 139
Trd, 085962.367, 114
Trd, 085962.500, 121
Trd, 085962.533, 108
Trd, 085963.450, 140
Trd, 085963.650, 130
Trd, 085963.667, 118
Trd, 085963.900, 132
Trd, 085964.217, 134
Trd, 085964.600, 135
Trd, 085964.683, 140
Trd, 085964.733, 134
Trd, 085965.033, 103
Trd, 085965.217, 118
Trd, 085965.317, 119
Trd, 085965.400, 101
Trd, 085965.433, 120
Trd, 085965.750, 120
Trd, 085965.767, 122
Trd, 085965.800, 130
Trd, 085966.167, 140
Trd, 085966.317, 140
Trd, 085966.433, 140
Trd, 085966.933, 139
Trd, 085967.433, 120
Trd, 085967.700, 111
Trd, 085967.783, 138
Trd, 085967.850, 112
Trd, 085968.000, 124
Trd, 085968.433, 126
Trd, 085968.450, 112
Trd, 085968.667, 125
Trd, 085968.800, 128
Trd, 085969.033, 116
Trd, 085969.233, 115
Trd, 085969.483, 94
Trd, 085970.233, 117
Trd, 085970.400, 87
Trd, 085970.517, 86
Trd, 085970.550, 101
Trd, 085970.850, 100
Trd, 085971.100, 108
Trd, 085971.283, 97
Trd, 085971.350, 94
Trd, 085971.483, 115
Trd, 085971.933, 93
Trd, 085972.017, 87
Trd, 085972.033, 84
Trd, 085972.083, 118
Trd, 085972.600, 111
Trd, 085972.883, 108
Trd, 085972.917, 116
Trd, 085973.217, 68
Trd, 085973.333, 67
Trd, 085973.417, 82
Trd, 085973.500, 121
Trd, 085974.267, 97
Trd, 085974.400, 83
Trd, 085974.950, 105
Trd, 085975.167, 82
Trd, 085975.600, 136
Trd, 085975.700, 133
Trd, 085975.717, 124
Trd, 085975.967, 81
Trd, 085976.617, 140
Trd, 085976.683, 140
Trd, 085976.783, 127
Trd, 085977.150, 113
Trd, 085977.217, 113
Trd, 085977.567, 109
Trd, 085977.733, 140
Trd, 085978.117, 140
Trd, 085978.333, 140
Trd, 085978.817, 140
Trd, 085979.167, 139
Trd, 085979.300, 139
Trd, 085979.583, 132
Trd, 085979.750, 129
Trd, 085980.000, 122
Trd, 085980.250, 122
Trd, 085980.783, 138
Trd, 085981.100, 140
Trd, 085981.783, 140
Trd, 085981.883, 139
Trd, 085982.267, 138
Trd, 085982.617, 138
Trd, 085982.700, 133
Trd, 085982.967, 140
Trd, 085983.000, 140
Trd, 085983.050, 118
Trd, 085983.317, 140
Trd, 085983.533, 139
Trd, 085983.633, 140
Trd, 085983.683, 131
Trd, 085984.233, 140
Trd, 085984.317, 140
Trd, 085985.033, 117
Trd, 085985.083, 118
Trd, 085985.283, 120
Trd, 085985.467, 115
Trd, 085985.717, 127
Trd, 085985.783, 113
Trd, 085985.883, 110
Trd, 085985.917, 109
Trd, 085986.183, 128
Trd, 085986.267, 133
Trd, 085986.417, 111
Trd, 085986.533, 108
Trd, 085986.583, 134
Trd, 085986.717, 114
Trd, 085986.783, 140
Trd, 085987.750, 140
Trd, 085988.000, 140
Trd, 085988.083, 140
Trd, 085988.250, 139
Trd, 085988.683, 137
Trd, 085988.833, 121
Trd, 085989.100, 118
Trd, 085989.217, 128
Trd, 085989.350, 106
Trd, 085989.417, 105
Trd, 085989.450, 136
Trd, 085989.683, 100
Trd, 085990.467, 137
Trd, 085990.500, 132
Trd, 085990.617, 136
Trd, 085990.683, 131
Trd, 085990.800, 122
Trd, 085991.000, 114
Trd, 085991.067, 135
Trd, 085991.083, 95
Trd, 085991.133, 137
Trd, 085991.500, 90
Trd, 085991.667, 89
Trd, 085991.783, 115
Trd, 085992.383, 134
Trd, 085992.433, 107
Trd, 085992.767, 105
Trd, 085992.950, 86
Trd, 085993.083, 134
Trd, 085993.383, 130
Trd, 085993.600, 124
Trd, 085994.300, 128
Trd, 085994.617, 140
Trd, 085994.950, 139
Trd, 085994.967, 140
Trd, 085995.183, 129
Trd, 085995.450, 126
Trd, 085995.483, 105
Trd, 085995.667, 138
Trd, 085995.750, 137
Trd, 085996.417, 135
Trd, 085996.833, 136
Trd, 085996.950, 139
Trd, 085997.083, 138
Trd, 085997.167, 138
Trd, 085997.350, 129
Trd, 085997.683, 139
Trd, 085998.050, 139
Trd, 085998.167, 129
Trd, 085998.233, 122
Trd, 085998.400, 135
Trd, 085998.550, 129
Trd, 085998.633, 128
Trd, 085998.767, 124
Trd, 085998.900, 92
Trd, 085999.283, 60
Trd, 085999.333, 104
Trd, 085999.450, 105
Trd, 085999.733, 105
Trd, 085999.800, 128
Trd, 085999.883, 99
Trd, 086000.067, 131
Trd, 086000.133, 135
Trd, 086000.900, 119
Trd, 086001.017, 117
Trd, 086001.500, 119
Trd, 086001.917, 117
Trd, 086001.933, 116
Trd, 086001.950, 101
Trd, 086002.133, 134
Trd, 086002.183, 111
Trd, 086002.250, 97
Trd, 086002.383, 134
Trd, 086002.400, 136
Trd, 086002.583, 139
Trd, 086003.683, 119
Trd, 086003.717, 134
Trd, 086003.933, 116
Trd, 086003.967, 137
Trd, 086004.633, 136
Trd, 086004.667, 138
Trd, 086004.783, 140
Trd, 086005.267, 119
Trd, 086005.633, 106
Trd, 086006.000, 84
Trd, 086006.050, 76
Trd, 086006.100, 137
Trd, 086006.233, 69
Trd, 086006.283, 66
Trd, 086006.350, 139
Trd, 086006.700, 119
Trd, 086006.833, 117
Trd, 086006.883, 123
Trd, 086007.100, 125
Trd, 086007.400, 137
Trd, 086007.967, 127
Trd, 086008.183, 119
Trd, 086008.200, 128
Trd, 086008.383, 119
Trd, 086008.400, 105
Trd, 086008.783, 88
Trd, 086008.933, 135
Trd, 086009.033, 124
Trd, 086009.317, 140
Trd, 086009.833, 140
Trd, 086010.133, 140
Trd, 086010.183, 140
Trd, 086010.400, 119
Trd, 086010.550, 108
Trd, 086010.583, 131
Trd, 086010.650, 104
Trd, 086010.667, 103
Trd, 086011.067, 140
Trd, 086011.117, 119
Trd, 086011.383, 98
Trd, 086011.633, 124
Trd, 086012.050, 87
Trd, 086012.350, 66
Trd, 086012.400, 66
Trd, 086012.633, 124
Trd, 086012.917, 124
Trd, 086013.300, 140
Trd, 086013.433, 140
Trd, 086013.967, 121
Trd, 086014.083, 120
Trd, 086014.333, 125
Trd, 086014.717, 136
Trd, 086014.817, 120
Trd, 086015.150, 119
Trd, 086015.200, 98
Trd, 086015.750, 126
Trd, 086016.483, 122
Trd, 086016.500, 132
Trd, 086016.550, 121
Trd, 086016.600, 133
Trd, 086016.717, 136
Trd, 086016.800, 135
Trd, 086016.917, 140
Trd, 086017.033, 108
Trd, 086017.383, 121
Trd, 086017.450, 128
Trd, 086017.750, 126
Trd, 086017.767, 125
Trd, 086017.950, 103
Trd, 086018.383, 140
Trd, 086018.917, 140
Trd, 086018.950, 140
Trd, 086019.000, 137
Trd, 086019.417, 133
Trd, 086019.500, 131
Trd, 086019.867, 140
Trd, 086019.883, 120
Trd, 086020.033, 118
Trd, 086020.583, 140
Trd, 086020.800, 113
Trd, 086020.850, 112
Trd, 086021.183, 101
Trd, 086021.517, 97
Trd, 086021.550, 98
Trd, 086021.583, 100
Trd, 086021.650, 92
Trd, 086021.717, 95
Trd, 086021.983, 99
Trd, 086022.067, 91
Trd, 086022.100, 100
Trd, 086022.117, 104
Trd, 086022.833, 101
Trd, 086023.000, 68
Trd, 086023.217, 104
Trd, 086023.467, 96
Trd, 086023.683, 78
Trd, 086023.733, 134
Trd, 086024.467, 140
Trd, 086024.583, 140
Trd, 086025.267, 140
Trd, 086025.750, 139
Trd, 086026.467, 140
Trd, 086026.533, 137
Trd, 086027.000, 140
Trd, 086027.267, 140
Trd, 086027.533, 131
Trd, 086027.667, 123
Trd, 086027.883, 138
Trd, 086028.050, 127
Trd, 086028.217, 140
Trd, 086028.250, 107
Trd, 086028.333, 94
Trd, 086028.367, 93
Trd, 086028.483, 92
Trd, 086029.033, 134
Trd, 086029.117, 134
Trd, 086029.433, 119
Trd, 086029.467, 112
Trd, 086029.533, 132
Trd, 086029.983, 89
Trd, 086030.000, 90
Trd, 086030.117, 126
Trd, 086030.133, 131
Trd, 086030.567, 103
Trd, 086030.867, 102
Trd, 086030.900, 114
Trd, 086031.967, 118
Trd, 086032.133, 117
Trd, 086032.283, 109
Trd, 086032.683, 134
Trd, 086032.750, 121
Trd, 086032.800, 114
Trd, 086033.200, 122
Trd, 086033.417, 113
Trd, 086033.600, 107
Trd, 086033.683, 92
Trd, 086033.800, 92
Trd, 086034.217, 132
Trd, 086034.233, 121
Trd, 086034.283, 135
Trd, 086034.917, 131
Trd, 086035.150, 132
Trd, 086035.200, 128
Trd, 086035.250, 119
Trd, 086035.317, 118
Trd, 086035.933, 139
Trd, 086036.217, 139
Trd, 086037.000, 126
Trd, 086037.133, 126
Trd, 086037.533, 125
Trd, 086038.283, 124
Trd, 086038.467, 125
Trd, 086038.733, 126
Trd, 086038.750, 117
Trd, 086038.783, 128
Trd, 086038.833, 128
Trd, 086038.883, 128
Trd, 086039.217, 128
Trd, 086039.300, 130
Trd, 086039.717, 118
Trd, 086040.000, 140
Trd, 086040.117, 126
Trd, 086040.200, 114
Trd, 086040.317, 131
Trd, 086040.567, 124
Trd, 086040.633, 103
Trd, 086040.650, 100
Trd, 086041.267, 116
Trd, 086041.467, 110
Trd, 086041.800, 133
Trd, 086042.150, 115
Trd, 086042.483, 133
Trd, 086042.583, 126
Trd, 086042.667, 135
Trd, 086043.217, 124
Trd, 086043.383, 138
Trd, 086043.533, 125
Trd, 086043.617, 125
Trd, 086043.650, 124
Trd, 086043.717, 130
Trd, 086043.817, 131
Trd, 086044.033, 113
Trd, 086044.283, 137
Trd, 086044.517, 136
Trd, 086044.550, 87
Trd, 086044.900, 90
Trd, 086045.067, 122
Trd, 086045.350, 116
Trd, 086046.083, 134
Trd, 086046.117, 107
Trd, 086046.133, 135
Trd, 086046.333, 119
Trd, 086046.467, 127
Trd, 086046.967, 140
Trd, 086047.333, 139
Trd, 086047.467, 125
Trd, 086047.767, 115
Trd, 086048.300, 129
Trd, 086048.333, 135
Trd, 086048.467, 120
Trd, 086048.900, 113
Trd, 086049.067, 127
Trd, 086049.233, 120
Trd, 086049.400, 133
Trd, 086049.700, 121
Trd, 086049.750, 109
Trd, 086050.150, 125
Trd, 086050.333, 129
Trd, 086050.383, 85
Trd, 086050.400, 137
Trd, 086050.767, 74
Trd, 086051.000, 74
Trd, 086051.083, 101
Trd, 086051.150, 129
Trd, 086051.383, 124
Trd, 086051.417, 124
Trd, 086051.500, 133
Trd, 086051.600, 117
Trd, 086051.967, 109
Trd, 086052.033, 105
Trd, 086052.217, 82
Trd, 086052.283, 139
Trd, 086053.300, 133
Trd, 086053.617, 139
Trd, 086053.833, 140
Trd, 086054.667, 134
Trd, 086054.967, 134
Trd, 086055.017, 131
Trd, 086055.033, 129
Trd, 086055.467, 134
Trd, 086056.067, 127
Trd, 086056.200, 132
Trd, 086056.250, 134
Trd, 086056.283, 118
Trd, 086056.433, 119
Trd, 086056.650, 118
Trd, 086056.950, 127
Trd, 086057.683, 139
Trd, 086057.933, 137
Trd, 086058.117, 126
Trd, 086058.167, 124
Trd, 086058.283, 138
Trd, 086058.333, 108
Trd, 086058.583, 121
Trd, 086058.617, 93
Trd, 086059.117, 100
Trd, 086059.767, 103
Trd, 086060.150, 126
Trd, 086060.733, 140
Trd, 086060.750, 139
Trd, 086061.283, 122
Trd, 086061.450, 130
Trd, 086061.550, 120
Trd, 086061.567, 119
Trd, 086061.867, 140
Trd, 086062.067, 140
Trd, 086062.367, 133
Trd, 086062.583, 137
Trd, 086062.867, 137
Trd, 086063.183, 140
Trd, 086063.500, 139
Trd, 086063.650, 139
Trd, 086063.767, 122
Trd, 086063.900, 121
Trd, 086064.067, 108
Trd, 086064.467, 116
Trd, 086064.567, 110
Trd, 086064.650, 137
Trd, 086065.317, 133
Trd, 086065.633, 129
Trd, 086065.650, 132
Trd, 086065.833, 118
Trd, 086066.083, 137
Trd, 086066.133, 97
Trd, 086066.450, 130
Trd, 086066.683, 130
Trd, 086068.117, 128
Trd, 086068.283, 129
Trd, 086068.467, 110
Trd, 086068.583, 90
Trd, 086068.650, 90
Trd, 086068.717, 91
Trd, 086068.850, 129
Trd, 086069.150, 129
Trd, 086069.900, 119
Trd, 086070.117, 126
Trd, 086070.317, 121
Trd, 086070.350, 128
Trd, 086070.633, 116
Trd, 086070.667, 109
Trd, 086070.700, 108
Trd, 086070.783, 140
Trd, 086071.283, 133
Trd, 086071.350, 127
Trd, 086071.683, 111
Trd, 086071.800, 99
Trd, 086071.933, 138
Trd, 086071.983, 107
Trd, 086072.183, 99
Trd, 086072.467, 131
Trd, 086072.567, 111
Trd, 086072.617, 114
Trd, 086072.817, 97
Trd, 086073.033, 87
Trd, 086073.083, 113
Trd, 086073.433, 90
Trd, 086073.450, 112
Trd, 086073.483, 114
Trd, 086073.733, 99
Trd, 086074.017, 98
Trd, 086074.067, 93
Trd, 086074.333, 124
Trd, 086074.733, 115
Trd, 086074.983, 93
Trd, 086075.533, 138
Trd, 086075.983, 140
Trd, 086076.150, 140
Trd, 086076.367, 139
Trd, 086076.500, 134
Trd, 086076.583, 129
Trd, 086076.667, 121
Trd, 086076.750, 113
Trd, 086077.383, 140
Trd, 086077.450, 114
Trd, 086078.067, 139
Trd, 086078.233, 139
Trd, 086078.300, 138
Trd, 086078.633, 140
Trd, 086079.267, 131
Trd, 086079.350, 122
Trd, 086079.733, 127
Trd, 086079.950, 129
Trd, 086080.150, 126
Trd, 086080.300, 133
Trd, 086081.300, 128
Trd, 086081.350, 119
Trd, 086081.383, 113
Trd, 086081.533, 128
Trd, 086081.717, 129
Trd, 086082.117, 119
Trd, 086082.183, 107
Trd, 086082.300, 98
Trd, 086082.500, 120
Trd, 086082.833, 88
Trd, 086082.967, 119
Trd, 086083.333, 93
Trd, 086083.433, 118
Trd, 086083.533, 87
Trd, 086083.600, 101
Trd, 086083.917, 88
Trd, 086084.383, 110
Trd, 086084.567, 100
Trd, 086084.733, 109
Trd, 086084.783, 110
Trd, 086084.817, 112
Trd, 086084.933, 106
Trd, 086085.083, 112
Trd, 086085.433, 109
Trd, 086085.517, 106
Trd, 086085.533, 117
Trd, 086085.617, 121
Trd, 086085.750, 139
Trd, 086086.567, 111
Trd, 086087.267, 140
Trd, 086087.900, 140
Trd, 086088.150, 139
Trd, 086088.500, 139
Trd, 086088.600, 139
Trd, 086088.617, 138
Trd, 086088.667, 137
Trd, 086088.917, 131
Trd, 086089.017, 128
Trd, 086089.100, 139
Trd, 086089.133, 124
Trd, 086089.500, 121
Trd, 086089.633, 130
Trd, 086089.733, 113
Trd, 086089.817, 131
Trd, 086090.083, 138
Trd, 086090.200, 110
Trd, 086090.817, 140
Trd, 086091.000, 140
Trd, 086091.150, 139
Trd, 086091.250, 117
Trd, 086091.383, 131
Trd, 086091.967, 140
Trd, 086092.433, 140
Trd, 086092.617, 138
Trd, 086093.067, 117
Trd, 086093.383, 102
Trd, 086093.700, 134
Trd, 086093.717, 140
Trd, 086093.967, 140
Trd, 086094.067, 140
Trd, 086094.150, 129
Trd, 086094.517, 118
Trd, 086094.617, 113
Trd, 086094.700, 111
Trd, 086094.867, 107
Trd, 086094.900, 105
Trd, 086095.000, 94
Trd, 086095.050, 135
Trd, 086095.150, 136
Trd, 086095.683, 122
Trd, 086095.700, 84
Trd, 086095.817, 110
Trd, 086095.983, 78
Trd, 086096.350, 123
Trd, 086096.617, 122
Trd, 086096.867, 105
Trd, 086096.883, 130
Trd, 086097.283, 97
Trd, 086097.333, 92
Trd, 086097.833, 105
Trd, 086097.933, 105
Trd, 086098.400, 86
Trd, 086098.517, 86
Trd, 086098.683, 91
Trd, 086098.817, 78
Trd, 086099.083, 88
Trd, 086099.117, 91
Trd, 086099.183, 93
Trd, 086099.317, 116
Trd, 086099.600, 118
Trd, 086099.783, 121
Trd, 086100.183, 139
Trd, 086100.767, 124
Trd, 086101.250, 140
Trd, 086101.600, 124
Trd, 086102.333, 139
Trd, 086102.650, 138
Trd, 086103.417, 118
Trd, 086103.467, 126
Trd, 086103.700, 127
Trd, 086103.717, 113
Trd, 086103.733, 130
Trd, 086104.300, 138
Trd, 086104.533, 139
Trd, 086104.583, 131
Trd, 086104.867, 127
Trd, 086104.883, 118
Trd, 086104.950, 114
Trd, 086105.050, 137
Trd, 086105.400, 139
Trd, 086106.167, 139
Trd, 086106.267, 138
Trd, 086106.467, 139
Trd, 086106.617, 132
Trd, 086106.767, 140
Trd, 086106.867, 140
Trd, 086106.950, 130
Trd, 086106.967, 123
Trd, 086107.100, 93
Trd, 086107.367, 140
Trd, 086107.383, 109
Trd, 086107.517, 104
Trd, 086107.900, 138
Trd, 086108.183, 138
Trd, 086108.267, 106
Trd, 086108.533, 86
Trd, 086109.367, 96
Trd, 086109.617, 119
Trd, 086109.800, 120
Trd, 086110.100, 120
Trd, 086110.233, 120
Trd, 086110.383, 119
Trd, 086110.550, 118
Trd, 086111.150, 119
Trd, 086111.217, 111
Trd, 086111.283, 139
Trd, 086111.467, 140
Trd, 086112.183, 114
Trd, 086112.250, 114
Trd, 086112.317, 92
Trd, 086112.367, 86
Trd, 086112.467, 81
Trd, 086112.783, 93
Trd, 086112.883, 94
Trd, 086113.233, 118
Trd, 086113.350, 118
Trd, 086113.900, 118
Trd, 086114.067, 117
Trd, 086114.150, 110
Trd, 086114.367, 109
Trd, 086114.833, 116
Trd, 086115.033, 118
Trd, 086115.117, 112
Trd, 086115.133, 111
Trd, 086115.617, 125
Trd, 086116.067, 124
Trd, 086116.100, 125
Trd, 086116.317, 124
Trd, 086116.350, 112
Trd, 086116.417, 86
Trd, 086116.450, 84
Trd, 086116.767, 132
Trd, 086117.583, 140
Trd, 086117.667, 136
Trd, 086118.000, 132
Trd, 086118.300, 133
Trd, 086118.350, 134
Trd, 086118.450, 136
Trd, 086118.683, 129
Trd, 086119.050, 136
Trd, 086119.150, 125
Trd, 086119.183, 123
Trd, 086119.317, 112
Trd, 086119.883, 138
Trd, 086120.000, 125
Trd, 086120.100, 97
Trd, 086120.783, 139
Trd, 086121.100, 128
Trd, 086121.583, 133
Trd, 086121.767, 124
Trd, 086122.233, 139
Trd, 086122.317, 137
Trd, 086122.617, 125
Trd, 086122.833, 115
Trd, 086123.683, 120
Trd, 086123.717, 103
Trd, 086124.050, 111
Trd, 086124.083, 103
Trd, 086124.717, 121
Trd, 086124.833, 85
Trd, 086125.117, 119
Trd, 086125.283, 117
Trd, 086125.350, 93
Trd, 086125.450, 122
Trd, 086125.467, 82
Trd, 086125.683, 123
Trd, 086125.950, 89
Trd, 086126.267, 93
Trd, 086126.667, 93
Trd, 086126.867, 133
Trd, 086127.533, 93
Trd, 086127.550, 99
Trd, 086127.567, 100
Trd, 086127.917, 118
Trd, 086128.267, 129
Trd, 086128.400, 95
Trd, 086128.817, 94
Trd, 086129.050, 95
Trd, 086129.350, 95
Trd, 086129.433, 112
Trd, 086129.533, 98
Trd, 086129.883, 117
Trd, 086130.233, 116
Trd, 086130.683, 117
Trd, 086130.800, 118
Trd, 086131.150, 114
Trd, 086131.200, 114
Trd, 086131.283, 105
Trd, 086131.367, 115
Trd, 086131.383, 120
Trd, 086131.833, 126
Trd, 086131.883, 105
Trd, 086132.367, 125
Trd, 086132.383, 118
Trd, 086132.567, 131
Trd, 086132.583, 118
Trd, 086132.717, 71
Trd, 086132.900, 63
Trd, 086133.317, 130
Trd, 086133.950, 132
Trd, 086134.033, 123
Trd, 086134.050, 139
Trd, 086134.133, 90
Trd, 086134.200, 112
Trd, 086134.733, 139
Trd, 086134.800, 113
Trd, 086134.900, 117
Trd, 086134.983, 140
Trd, 086135.150, 116
Trd, 086135.333, 116
Trd, 086135.567, 107
Trd, 086135.600, 96
Trd, 086136.717, 73
Trd, 086136.867, 122
Trd, 086136.967, 113
Trd, 086137.150, 140
Trd, 086137.267, 106
Trd, 086137.500, 98
Trd, 086137.800, 116
Trd, 086137.850, 118
Trd, 086138.383, 116
Trd, 086138.550, 124
Trd, 086138.583, 125
Trd, 086138.733, 83
Trd, 086138.900, 70
Trd, 086138.917, 98
Trd, 086138.933, 69
Trd, 086138.950, 130
Trd, 086139.333, 140
Trd, 086139.600, 140
Trd, 086139.633, 140
Trd, 086140.400, 140
Trd, 086140.750, 139
Trd, 086141.550, 138
Trd, 086141.567, 138
Trd, 086142.050, 137
Trd, 086142.117, 73
Trd, 086142.633, 124
Trd, 086142.767, 110
Trd, 086143.083, 109
Trd, 086143.267, 97
Trd, 086143.317, 88
Trd, 086143.433, 126
Trd, 086143.500, 104
Trd, 086143.700, 128
Trd, 086143.750, 115
Trd, 086144.400, 116
Trd, 086144.433, 122
Trd, 086144.583, 112
Trd, 086144.917, 120
Trd, 086144.967, 105
Trd, 086145.167, 104
Trd, 086145.183, 121
Trd, 086145.267, 77
Trd, 086145.283, 123
Trd, 086145.517, 93
Trd, 086146.650, 85
Trd, 086146.700, 86
Trd, 086147.083, 99
Trd, 086147.233, 99
Trd, 086147.633, 98
Trd, 086148.350, 89
Trd, 086148.400, 124
Trd, 086148.450, 124
Trd, 086148.500, 131
Trd, 086148.550, 133
Trd, 086149.083, 113
Trd, 086149.100, 106
Trd, 086149.567, 113
Trd, 086149.667, 140
Trd, 086149.900, 131
Trd, 086150.100, 121
Trd, 086150.133, 132
Trd, 086150.417, 118
Trd, 086150.467, 116
Trd, 086150.783, 131
Trd, 086150.967, 102
Trd, 086151.133, 117
Trd, 086151.400, 101
Trd, 086151.550, 140
Trd, 086151.833, 140
Trd, 086151.900, 93
Trd, 086152.200, 139
Trd, 086152.900, 139
Trd, 086153.017, 140
Trd, 086153.200, 132
Trd, 086153.250, 106
Trd, 086153.483, 105
Trd, 086153.800, 137
Trd, 086154.067, 133
Trd, 086154.167, 140
Trd, 086154.600, 119
Trd, 086154.783, 140
Trd, 086154.917, 109
Trd, 086155.783, 108
Trd, 086155.850, 105
Trd, 086155.867, 92
Trd, 086156.000, 128
Trd, 086156.533, 109
Trd, 086156.750, 93
Trd, 086156.767, 128
Trd, 086156.983, 124
Trd, 086157.217, 108
Trd, 086157.283, 119
Trd, 086157.483, 121
Trd, 086157.617, 121
Trd, 086157.700, 122
Trd, 086157.750, 132
Trd, 086157.917, 90
Trd, 086157.983, 87
Trd, 086158.133, 130
Trd, 086158.217, 82
Trd, 086158.300, 90
Trd, 086158.683, 107
Trd, 086158.750, 88
Trd, 086159.117, 140
Trd, 086159.417, 127
Trd, 086159.583, 122
Trd, 086160.300, 139
Trd, 086160.600, 139
Trd, 086161.167, 124
Trd, 086161.217, 118
Trd, 086162.133, 137
Trd, 086162.167, 129
Trd, 086162.717, 138
Trd, 086162.767, 137
Trd, 086163.050, 116
Trd, 086163.217, 116
Trd, 086163.383, 117
Trd, 086163.717, 114
Trd, 086163.850, 108
Trd, 086164.233, 110
Trd, 086164.300, 130
Trd, 086164.367, 103
Trd, 086164.400, 100
Trd, 086164.483, 132
Trd, 086164.500, 97
Trd, 086164.750, 133
Trd, 086164.933, 138
Trd, 086165.033, 138
Trd, 086165.500, 137
Trd, 086165.800, 133
Trd, 086166.050, 139
Trd, 086166.183, 132
Trd, 086166.283, 124
Trd, 086166.750, 134
Trd, 086167.350, 140
Trd, 086167.483, 138
Trd, 086167.683, 120
Trd, 086167.750, 119
Trd, 086167.867, 125
Trd, 086167.900, 118
Trd, 086168.033, 116
Trd, 086168.500, 84
Trd, 086168.550, 83
Trd, 086168.600, 85
Trd, 086168.617, 117
Trd, 086169.617, 125
Trd, 086169.750, 117
Trd, 086169.833, 126
Trd, 086170.050, 117
Trd, 086170.317, 112
Trd, 086170.400, 125
Trd, 086170.733, 126
Trd, 086170.950, 103
Trd, 086171.217, 122
Trd, 086171.350, 122
Trd, 086171.783, 123
Trd, 086171.967, 96
Trd, 086172.133, 96
Trd, 086172.583, 94
Trd, 086172.600, 87
Trd, 086172.683, 83
Trd, 086172.750, 105
Trd, 086173.133, 84
Trd, 086173.267, 131
Trd, 086173.317, 131
Trd, 086173.517, 127
Trd, 086173.800, 119
Trd, 086173.917, 115
Trd, 086174.300, 90
Trd, 086174.333, 86
Trd, 086174.367, 134
Trd, 086174.733, 109
Trd, 086174.900, 134
Trd, 086174.933, 135
Trd, 086175.417, 140
Trd, 086175.917, 131
Trd, 086175.967, 124
Trd, 086176.000, 122
Trd, 086176.200, 121
Trd, 086176.867, 138
Trd, 086177.150, 140
Trd, 086177.750, 140
Trd, 086177.817, 140
Trd, 086178.400, 140
Trd, 086178.467, 140
Trd, 086178.483, 139
Trd, 086178.650, 139
Trd, 086178.700, 139
Trd, 086178.800, 138
Trd, 086179.117, 133
Trd, 086179.267, 108
Trd, 086179.667, 112
Trd, 086179.700, 110
Trd, 086180.083, 125
Trd, 086180.200, 105
Trd, 086180.433, 140
Trd, 086180.483, 140
Trd, 086181.033, 118
Trd, 086181.300, 119
Trd, 086181.717, 137
Trd, 086181.733, 108
Trd, 086181.800, 102
Trd, 086181.933, 112
Trd, 086182.517, 121
Trd, 086182.633, 106
Trd, 086182.700, 105
Trd, 086182.950, 113
Trd, 086183.150, 101
Trd, 086183.283, 103
Trd, 086183.867, 114
Trd, 086183.950, 124
Trd, 086184.267, 122
Trd, 086184.283, 125
Trd, 086184.467, 134
Trd, 086184.683, 128
Trd, 086184.917, 135
Trd, 086184.967, 138
Trd, 086185.050, 133
Trd, 086185.317, 131
Trd, 086185.667, 129
Trd, 086185.933, 127
Trd, 086186.533, 106
Trd, 086186.717, 111
Trd, 086186.767, 81
Trd, 086186.833, 75
Trd, 086186.983, 112
Trd, 086187.133, 70
Trd, 086187.800, 130
Trd, 086188.150, 121
Trd, 086188.267, 134
Trd, 086188.367, 115
Trd, 086188.633, 135
Trd, 086188.817, 135
Trd, 086189.283, 122
Trd, 086189.367, 135
Trd, 086189.433, 107
Trd, 086189.483, 127
Trd, 086189.517, 104
Trd, 086189.900, 102
Trd, 086190.250, 135
Trd, 086190.417, 140
Trd, 086190.750, 140
Trd, 086190.850, 140
Trd, 086191.167, 140
Trd, 086191.250, 118
Trd, 086191.550, 115
Trd, 086192.583, 139
Trd, 086192.633, 134
Trd, 086192.650, 123
Trd, 086192.983, 127
Trd, 086193.183, 129
Trd, 086193.583, 140
Trd, 086193.917, 140
Trd, 086193.967, 138
Trd, 086194.117, 139
Trd, 086194.167, 137
Trd, 086194.200, 121
Trd, 086194.683, 133
Trd, 086194.767, 140
Trd, 086195.017, 139
Trd, 086195.283, 140
Trd, 086195.317, 140
Trd, 086195.433, 140
Trd, 086196.133, 130
Trd, 086196.233, 129
Trd, 086196.417, 139
Trd, 086196.433, 121
Trd, 086196.800, 140
Trd, 086197.133, 113
Trd, 086197.150, 75
Trd, 086197.267, 109
Trd, 086197.300, 135
Trd, 086197.400, 68
Trd, 086197.767, 124
Trd, 086198.050, 131
Trd, 086198.317, 69
Trd, 086198.467, 69
Trd, 086198.667, 88
Trd, 086198.950, 81
Trd, 086199.333, 82
Trd, 086199.733, 78
Trd, 086199.750, 129
Trd, 086200.067, 85
Trd, 086200.183, 130
Trd, 086200.233, 84
Trd, 086200.500, 110
Trd, 086200.900, 140
Trd, 086200.933, 131
Trd, 086201.200, 121
Trd, 086201.483, 138
Trd, 086201.650, 139
Trd, 086201.983, 140
Trd, 086202.083, 140
Trd, 086202.267, 127
Trd, 086202.850, 112
Trd, 086202.983, 109
Trd, 086203.100, 120
Trd, 086203.250, 96
Trd, 086203.767, 140
Trd, 086204.117, 140
Trd, 086204.550, 138
Trd, 086204.733, 119
Trd, 086204.767, 140
Trd, 086205.233, 139
Trd, 086205.567, 137
Trd, 086205.617, 136
Trd, 086206.217, 134
Trd, 086206.267, 135
Trd, 086206.367, 124
Trd, 086206.433, 118
Trd, 086206.567, 122
Trd, 086206.933, 114
Trd, 086207.083, 103
Trd, 086207.350, 129
Trd, 086207.367, 118
Trd, 086207.633, 136
Trd, 086208.067, 138
Trd, 086208.583, 139
Trd, 086209.067, 140
Trd, 086209.150, 131
Trd, 086209.417, 140
Trd, 086209.483, 139
Trd, 086209.550, 136
Trd, 086210.000, 121
Trd, 086210.033, 112
Trd, 086210.083, 112
Trd, 086210.150, 101
Trd, 086210.750, 98
Trd, 086211.083, 103
Trd, 086211.267, 84
Trd, 086211.300, 103
Trd, 086211.517, 104
Trd, 086211.717, 125
Trd, 086211.833, 102
Trd, 086211.967, 124
Trd, 086212.000, 126
Trd, 086212.200, 109
Trd, 086212.367, 126
Trd, 086212.400, 92
Trd, 086212.483, 128
Trd, 086212.883, 121
Trd, 086212.933, 113
Trd, 086213.000, 101
Trd, 086213.600, 100
Trd, 086213.667, 95
Trd, 086213.800, 123
Trd, 086214.267, 122
Trd, 086214.417, 112
Trd, 086214.450, 113
Trd, 086214.567, 129
Trd, 086214.583, 92
Trd, 086214.933, 139
Trd, 086215.317, 108
Trd, 086215.600, 113
Trd, 086215.883, 117
Trd, 086216.167, 134
Trd, 086216.467, 138
Trd, 086216.817, 138
Trd, 086217.050, 137
Trd, 086217.567, 123
Trd, 086217.800, 125
Trd, 086217.817, 121
Trd, 086217.917, 120
Trd, 086217.933, 110
Trd, 086218.183, 95
Trd, 086218.217, 88
Trd, 086218.550, 107
Trd, 086218.600, 134
Trd, 086219.100, 113
Trd, 086219.350, 109
Trd, 086219.567, 109
Trd, 086219.700, 106
Trd, 086220.000, 98
Trd, 086220.067, 100
Trd, 086220.133, 102
Trd, 086220.317, 97
Trd, 086221.417, 140
Trd, 086221.483, 140
Trd, 086221.583, 140
Trd, 086221.783, 140
Trd, 086221.933, 138
Trd, 086221.967, 137
Trd, 086222.000, 133
Trd, 086222.850, 140
Trd, 086223.183, 115
Trd, 086223.233, 128
Trd, 086223.533, 117
Trd, 086223.717, 111
Trd, 086223.900, 102
Trd, 086224.183, 109
Trd, 086224.267, 98
Trd, 086224.400, 125
Trd, 086224.550, 126
Trd, 086224.633, 101
Trd, 086224.967, 126
Trd, 086225.100, 125
Trd, 086225.133, 113
Trd, 086225.150, 129
Trd, 086225.433, 114
Trd, 086225.800, 140
Trd, 086227.200, 140
Trd, 086227.217, 140
Trd, 086227.400, 140
Trd, 086227.550, 140
Trd, 086227.800, 135
Trd, 086228.067, 139
Trd, 086228.333, 127
Trd, 086228.483, 102
Trd, 086228.600, 139
Trd, 086229.050, 104
Trd, 086229.067, 97
Trd, 086229.167, 91
Trd, 086229.183, 81
Trd, 086229.283, 81
Trd, 086229.583, 140
Trd, 086229.600, 140
Trd, 086229.783, 117
Trd, 086230.167, 140
Trd, 086230.417, 130
Trd, 086230.717, 139
Trd, 086230.867, 138
Trd, 086230.967, 76
Trd, 086231.000, 137
Trd, 086231.617, 122
Trd, 086231.733, 101
Trd, 086231.833, 120
Trd, 086231.867, 123
Trd, 086232.283, 127
Trd, 086232.317, 139
Trd, 086233.283, 140
Trd, 086233.400, 140
Trd, 086233.417, 140
Trd, 086233.433, 131
Trd, 086233.717, 115
Trd, 086233.933, 101
Trd, 086234.117, 135
Trd, 086234.517, 134
Trd, 086234.550, 135
Trd, 086234.900, 121
Trd, 086234.917, 119
Trd, 086235.500, 120
Trd, 086235.633, 132
Trd, 086235.817, 117
Trd, 086236.067, 133
Trd, 086236.083, 134
Trd, 086236.967, 112
Trd, 086237.067, 97
Trd, 086237.250, 100
Trd, 086237.283, 105
Trd, 086238.067, 139
Trd, 086238.650, 134
Trd, 086238.700, 133
Trd, 086238.933, 117
Trd, 086239.183, 140
Trd, 086239.417, 140
Trd, 086239.500, 139
Trd, 086239.600, 139
Trd, 086239.733, 120
Trd, 086240.050, 139
Trd, 086240.767, 131
Trd, 086241.017, 131
Trd, 086241.267, 133
Trd, 086241.517, 140
Trd, 086241.617, 130
Trd, 086241.817, 140
Trd, 086241.850, 139
Trd, 086242.467, 129
Trd, 086242.617, 130
Trd, 086242.833, 128
Trd, 086242.933, 119
Trd, 086243.117, 127
Trd, 086243.217, 125
Trd, 086243.267, 117
Trd, 086243.417, 128
Trd, 086243.467, 129
Trd, 086243.517, 130
Trd, 086244.117, 140
Trd, 086244.133, 140
Trd, 086244.300, 140
Trd, 086244.633, 139
Trd, 086245.033, 136
Trd, 086245.067, 135
Trd, 086245.233, 138
Trd, 086245.250, 133
Trd, 086245.683, 128
Trd, 086245.717, 95
Trd, 086246.283, 79
Trd, 086246.517, 112
Trd, 086247.117, 139
Trd, 086247.617, 123
Trd, 086247.950, 98
Trd, 086248.167, 139
Trd, 086248.217, 79
Trd, 086248.417, 116
Trd, 086248.967, 139
Trd, 086249.233, 132
Trd, 086249.700, 140
Trd, 086250.033, 131
Trd, 086250.183, 125
Trd, 086250.333, 125
Trd, 086250.533, 139
Trd, 086250.683, 139
Trd, 086250.833, 124
Trd, 086250.917, 140
Trd, 086251.733, 137
Trd, 086251.933, 140
Trd, 086252.183, 135
Trd, 086252.433, 108
Trd, 086252.567, 98
Trd, 086252.617, 88
Trd, 086252.633, 112
Trd, 086252.667, 136
Trd, 086252.917, 110
Trd, 086252.950, 135
Trd, 086253.183, 109
Trd, 086253.283, 135
Trd, 086253.517, 94
Trd, 086253.650, 85
Trd, 086253.900, 78
Trd, 086253.967, 139
Trd, 086254.183, 91
Trd, 086254.317, 114
Trd, 086255.050, 140
Trd, 086255.083, 138
Trd, 086255.467, 138
Trd, 086255.967, 133
Trd, 086256.150, 129
Trd, 086256.433, 108
Trd, 086257.083, 138
Trd, 086257.333, 139
Trd, 086257.633, 137
Trd, 086257.700, 114
Trd, 086258.217, 117
Trd, 086258.367, 132
Trd, 086258.500, 127
Trd, 086258.550, 112
Trd, 086258.633, 127
Trd, 086258.717, 119
Trd, 086258.783, 128
Trd, 086259.517, 100
Trd, 086259.733, 129
Trd, 086260.017, 130
Trd, 086260.333, 122
Trd, 086260.933, 118
Trd, 086260.950, 117
Trd, 086261.067, 116
Trd, 086261.400, 115
Trd, 086261.683, 113
Trd, 086261.900, 115
Trd, 086262.183, 117
Trd, 086262.500, 129
Trd, 086262.550, 130
Trd, 086262.983, 113
Trd, 086263.283, 140
Trd, 086263.367, 112
Trd, 086263.667, 105
Trd, 086263.767, 140
Trd, 086263.917, 140
Trd, 086264.300, 140
Trd, 086264.867, 140
Trd, 086265.183, 140
Trd, 086265.500, 140
Trd, 086265.617, 140
Trd, 086265.733, 139
Trd, 086265.817, 131
Trd, 086265.850, 126
Trd, 086266.167, 128
Trd, 086266.367, 123
Trd, 086266.700, 132
Trd, 086266.833, 131
Trd, 086267.067, 130
Trd, 086267.250, 137
Trd, 086267.417, 137
Trd, 086267.467, 138
Trd, 086267.867, 140
Trd, 086269.100, 139
Trd, 086269.200, 139
Trd, 086269.283, 136
Trd, 086269.483, 132
Trd, 086269.617, 131
Trd, 086269.733, 119
Trd, 086269.850, 122
Trd, 086269.867, 103
Trd, 086270.083, 139
Trd, 086270.783, 122
Trd, 086270.983, 118
Trd, 086271.017, 92
Trd, 086271.083, 99
Trd, 086271.200, 85
Trd, 086271.267, 85
Trd, 086271.700, 120
Trd, 086271.767, 114
Trd, 086272.083, 97
Trd, 086272.183, 116
Trd, 086272.383, 87
Trd, 086272.800, 74
Trd, 086272.967, 103
Trd, 086273.733, 98
Trd, 086273.833, 101
Trd, 086273.867, 71
Trd, 086274.067, 76
Trd, 086274.383, 101
Trd, 086274.433, 102
Trd, 086274.517, 102
Trd, 086274.600, 100
Trd, 086274.617, 103
Trd, 086274.717, 113
Trd, 086274.767, 85
Trd, 086275.283, 140
Trd, 086275.867, 140
Trd, 086275.933, 140
Trd, 086276.033, 140
Trd, 086276.133, 128
Trd, 086276.167, 127
Trd, 086276.367, 77
Trd, 086276.533, 76
Trd, 086276.717, 110
Trd, 086277.917, 140
Trd, 086278.017, 140
Trd, 086278.050, 96
Trd, 086278.117, 92
Trd, 086278.267, 140
Trd, 086278.450, 109
Trd, 086278.700, 140
Trd, 086278.717, 74
Trd, 086279.483, 138
Trd, 086279.717, 128
Trd, 086279.933, 135
Trd, 086280.633, 127
Trd, 086280.933, 134
Trd, 086281.167, 136
Trd, 086281.383, 132
Trd, 086281.667, 134
Trd, 086281.700, 127
Trd, 086281.717, 136
Trd, 086282.250, 140
Trd, 086282.467, 140
Trd, 086282.483, 140
Trd, 086282.517, 120
Trd, 086282.783, 139
Trd, 086283.217, 140
Trd, 086283.367, 140
Trd, 086284.017, 140
Trd, 086284.483, 140
Trd, 086284.817, 140
Trd, 086284.850, 140
Trd, 086285.300, 135
Trd, 086285.500, 129
Trd, 086285.717, 139
Trd, 086285.867, 125
Trd, 086286.550, 121
Trd, 086286.767, 134
Trd, 086286.783, 136
Trd, 086286.850, 115
Trd, 086287.267, 127
Trd, 086288.517, 140
Trd, 086288.583, 138
Trd, 086288.700, 137
Trd, 086288.767, 129
Trd, 086289.333, 126
Trd, 086289.417, 121
Trd, 086289.567, 125
Trd, 086289.700, 134
Trd, 086290.033, 133
Trd, 086290.150, 115
Trd, 086290.550, 137
Trd, 086290.967, 140
Trd, 086291.150, 136
Trd, 086291.183, 99
Trd, 086291.267, 98
Trd, 086291.283, 97
Trd, 086291.567, 140
Trd, 086292.067, 137
Trd, 086292.650, 140
Trd, 086292.983, 140
Trd, 086293.250, 140
Trd, 086293.350, 127
Trd, 086293.600, 122
Trd, 086293.867, 108
Trd, 086294.383, 109
Trd, 086294.583, 127
Trd, 086294.900, 118
Trd, 086294.933, 115
Trd, 086294.950, 115
Trd, 086295.000, 118
Trd, 086295.300, 115
Trd, 086295.400, 116
Trd, 086295.417, 119
Trd, 086295.450, 133
Trd, 086296.567, 140
Trd, 086296.583, 140
Trd, 086296.667, 138
Trd, 086296.917, 126
Trd, 086296.933, 121
Trd, 086297.217, 124
Trd, 086297.550, 138
Trd, 086298.183, 137
Trd, 086298.217, 125
Trd, 086298.317, 119
Trd, 086298.950, 140
Trd, 086299.017, 130
Trd, 086299.117, 122
Trd, 086299.500, 136
Trd, 086299.750, 121
Trd, 086299.800, 125
Trd, 086299.867, 109
Trd, 086300.050, 134
Trd, 086300.183, 104
Trd, 086300.633, 97
Trd, 086300.733, 106
Trd, 086300.767, 105
Trd, 086300.900, 108
Trd, 086301.167, 123
Trd, 086301.367, 75
Trd, 086301.550, 140
Trd, 086301.650, 113
Trd, 086301.733, 93
Trd, 086301.750, 90
Trd, 086301.950, 78
Trd, 086302.383, 139
Trd, 086302.517, 128
Trd, 086302.750, 129
Trd, 086302.767, 116
Trd, 086303.117, 137
Trd, 086303.200, 139
Trd, 086303.317, 136
Trd, 086303.450, 139
Trd, 086303.467, 131
Trd, 086304.150, 119
Trd, 086304.167, 118
Trd, 086305.033, 133
Trd, 086305.300, 120
Trd, 086305.317, 87
Trd, 086305.417, 86
Trd, 086305.817, 77
Trd, 086306.550, 125
Trd, 086306.700, 112
Trd, 086306.767, 116
Trd, 086306.883, 136
Trd, 086307.867, 140
Trd, 086308.000, 139
Trd, 086308.383, 138
Trd, 086308.533, 127
Trd, 086309.033, 140
Trd, 086309.117, 138
Trd, 086309.750, 140
Trd, 086310.117, 140
Trd, 086310.333, 140
Trd, 086310.417, 140
Trd, 086310.450, 133
Trd, 086310.583, 129
Trd, 086310.767, 140
Trd, 086311.083, 124
Trd, 086311.300, 123
Trd, 086311.383, 122
Trd, 086311.500, 121
Trd, 086311.900, 123
Trd, 086311.917, 115
Trd, 086312.183, 124
Trd, 086312.600, 138
Trd, 086312.617, 133
Trd, 086312.683, 115
Trd, 086312.933, 114
Trd, 086313.217, 131
Trd, 086313.317, 129
Trd, 086313.667, 128
Trd, 086313.733, 121
Trd, 086313.817, 129
Trd, 086314.200, 129
Trd, 086314.350, 116
Trd, 086314.417, 130
Trd, 086314.533, 117
Trd, 086314.567, 116
Trd, 086314.983, 127
Trd, 086315.117, 129
Trd, 086315.483, 118
Trd, 086315.717, 129
Trd, 086315.850, 130
Trd, 086316.067, 123
Trd, 086316.083, 131
Trd, 086316.817, 139
Trd, 086317.000, 126
Trd, 086317.017, 118
Trd, 086317.350, 140
Trd, 086317.383, 117
Trd, 086317.633, 121
Trd, 086318.267, 117
Trd, 086318.333, 103
Trd, 086318.917, 115
Trd, 086318.933, 108
Trd, 086318.950, 116
Trd, 086319.383, 113
Trd, 086319.633, 116
Trd, 086319.783, 123
Trd, 086319.850, 109
Trd, 086320.200, 140
Trd, 086320.450, 140
Trd, 086321.117, 108
Trd, 086321.317, 108
Trd, 086321.733, 134
Trd, 086321.800, 137
Trd, 086321.917, 131
Trd, 086321.983, 101
Trd, 086322.117, 100
Trd, 086322.850, 138
Trd, 086323.200, 128
Trd, 086323.317, 124
Trd, 086323.583, 140
Trd, 086323.883, 140
Trd, 086324.100, 140
Trd, 086324.233, 124
Trd, 086324.950, 140
Trd, 086325.467, 140
Trd, 086326.000, 138
Trd, 086326.300, 139
Trd, 086326.600, 140
Trd, 086326.800, 140
Trd, 086326.917, 137
Trd, 086327.200, 140
Trd, 086327.400, 139
Trd, 086327.633, 139
Trd, 086327.783, 128
Trd, 086327.833, 139
Trd, 086328.233, 140
Trd, 086328.483, 128
Trd, 086328.750, 139
Trd, 086328.883, 140
Trd, 086328.933, 123
Trd, 086329.200, 138
Trd, 086329.483, 131
Trd, 086329.733, 130
Trd, 086329.783, 116
Trd, 086329.950, 113
Trd, 086330.267, 102
Trd, 086330.517, 136
Trd, 086330.650, 128
Trd, 086330.850, 120
Trd, 086330.867, 106
Trd, 086331.133, 140
Trd, 086331.300, 138
Trd, 086331.550, 139
Trd, 086332.067, 120
Trd, 086332.117, 118
Trd, 086332.167, 116
Trd, 086332.350, 140
Trd, 086332.650, 136
Trd, 086332.700, 120
Trd, 086332.750, 115
Trd, 086333.633, 114
Trd, 086333.650, 134
Trd, 086333.917, 131
Trd, 086334.050, 136
Trd, 086334.067, 114
Trd, 086334.217, 109
Trd, 086334.483, 108
Trd, 086335.033, 136
Trd, 086335.100, 127
Trd, 086335.533, 127
Trd, 086336.400, 137
Trd, 086336.967, 137
Trd, 086337.000, 138
Trd, 086337.167, 129
Trd, 086337.533, 115
Trd, 086337.967, 140
Trd, 086338.033, 140
Trd, 086338.383, 133
Trd, 086338.567, 125
Trd, 086338.867, 117
Trd, 086338.950, 116
Trd, 086339.033, 114
Trd, 086339.233, 126
Trd, 086339.333, 113
Trd, 086339.367, 125
Trd, 086339.517, 125
Trd, 086340.100, 101
Trd, 086340.317, 138
Trd, 086341.733, 127
Trd, 086341.800, 122
Trd, 086341.817, 109
Trd, 086342.167, 127
Trd, 086342.300, 128
Trd, 086342.317, 121
Trd, 086342.417, 93
Trd, 086342.450, 128
Trd, 086342.533, 77
Trd, 086342.683, 129
Trd, 086342.867, 114
Trd, 086343.200, 131
Trd, 086343.517, 125
Trd, 086343.733, 136
Trd, 086343.883, 137
Trd, 086343.950, 138
Trd, 086344.383, 126
Trd, 086344.450, 125
Trd, 086344.750, 124
Trd, 086345.050, 130
Trd, 086345.233, 122
Trd, 086345.333, 127
Trd, 086346.183, 139
Trd, 086346.500, 138
Trd, 086346.900, 124
Trd, 086347.317, 140
Trd, 086347.450, 140
Trd, 086347.650, 140
Trd, 086348.517, 137
Trd, 086348.533, 138
Trd, 086348.800, 135
Trd, 086349.017, 131
Trd, 086349.133, 112
Trd, 086349.317, 126
Trd, 086349.367, 109
Trd, 086349.517, 136
Trd, 086349.633, 105
Trd, 086349.817, 110
Trd, 086349.933, 131
Trd, 086350.267, 85
Trd, 086350.433, 112
Trd, 086350.467, 134
Trd, 086350.583, 88
Trd, 086350.750, 104
Trd, 086350.867, 131
Trd, 086351.183, 96
Trd, 086351.350, 104
Trd, 086351.417, 87
Trd, 086351.567, 74
Trd, 086352.233, 130
Trd, 086352.433, 122
Trd, 086352.767, 130
Trd, 086352.983, 122
Trd, 086353.117, 127
Trd, 086353.450, 123
Trd, 086353.483, 122
Trd, 086353.500, 114
Trd, 086353.683, 113
Trd, 086353.950, 117
Trd, 086354.133, 112
Trd, 086354.383, 104
Trd, 086354.633, 105
Trd, 086354.883, 121
Trd, 086354.983, 132
Trd, 086355.117, 138
Trd, 086355.283, 125
Trd, 086355.383, 139
Trd, 086355.567, 97
Trd, 086355.917, 137
Trd, 086355.933, 131
Trd, 086356.600, 123
Trd, 086356.867, 115
Trd, 086356.900, 124
Trd, 086357.050, 125
Trd, 086357.800, 140
Trd, 086357.883, 140
Trd, 086358.000, 128
Trd, 086358.067, 106
Trd, 086358.950, 138
Trd, 086359.000, 137
Trd, 086359.150, 139
Trd, 086359.183, 140
Trd, 086359.583, 136
Trd, 086359.700, 116
Trd, 086359.717, 113
Trd, 086359.917, 137
Trd, 086360.200, 136
Trd, 086360.367, 98
Trd, 086360.533, 87
Trd, 086360.583, 81
Trd, 086360.683, 114
Trd, 086360.900, 114
Trd, 086361.350, 135
Trd, 086361.467, 115
Trd, 086361.717, 139
Trd, 086362.067, 140
Trd, 086362.383, 113
Trd, 086362.733, 135
Trd, 086363.283, 110
Trd, 086363.633, 103
Trd, 086363.883, 118
Trd, 086364.300, 104
Trd, 086364.350, 103
Trd, 086364.550, 105
Trd, 086364.683, 112
Trd, 086365.417, 139
Trd, 086365.717, 135
Trd, 086366.133, 139
Trd, 086366.417, 140
Trd, 086366.550, 139
Trd, 086367.067, 136
Trd, 086367.283, 140
Trd, 086367.733, 134
Trd, 086368.083, 122
Trd, 086368.250, 118
Trd, 086368.317, 110
Trd, 086368.533, 123
Trd, 086368.583, 110
Trd, 086368.750, 94
Trd, 086368.933, 93
Trd, 086368.983, 90
Trd, 086369.033, 131
Trd, 086369.567, 133
Trd, 086369.683, 104
Trd, 086369.817, 136
Trd, 086369.833, 98
Trd, 086370.433, 139
Trd, 086370.883, 140
Trd, 086371.250, 140
Trd, 086371.317, 139
Trd, 086371.533, 129
Trd, 086371.567, 120
Trd, 086371.633, 101
Trd, 086371.700, 140
Trd, 086371.833, 140
Trd, 086372.250, 135
Trd, 086372.433, 109
Trd, 086372.533, 140
Trd, 086372.550, 108
Trd, 086372.633, 137
Trd, 086372.700, 103
Trd, 086373.533, 140
Trd, 086373.550, 139
Trd, 086374.017, 139
Trd, 086374.650, 140
Trd, 086374.783, 139
Trd, 086375.267, 112
Trd, 086375.317, 105
Trd, 086375.617, 140
Trd, 086376.533, 140
Trd, 086376.983, 140
Trd, 086377.317, 134
Trd, 086377.367, 126
Trd, 086377.383, 118
Trd, 086378.117, 122
Trd, 086378.167, 123
Trd, 086378.433, 137
Trd, 086378.583, 124
Trd, 086378.667, 117
Trd, 086378.967, 137
Trd, 086379.000, 127
Trd, 086379.317, 136
Trd, 086379.650, 138
Trd, 086379.783, 136
Trd, 086379.833, 137
Trd, 086379.900, 138
Trd, 086379.917, 126
Trd, 086379.983, 106
Trd, 086380.217, 138
Trd, 086380.600, 130
Trd, 086380.717, 116
Trd, 086380.800, 107
Trd, 086381.217, 140
Trd, 086381.383, 94
Trd, 086381.867, 139
Trd, 086381.967, 105
Trd, 086382.117, 139
Trd, 086382.733, 122
Trd, 086382.883, 121
Trd, 086382.983, 108
Trd, 086383.100, 105
Trd, 086383.217, 118
Trd, 086383.250, 103
Trd, 086383.550, 102
Trd, 086383.617, 85
Trd, 086383.950, 99
Trd, 086383.983, 100
Trd, 086384.150, 77
Trd, 086384.167, 79
Trd, 086384.233, 83
Trd, 086384.333, 102
Trd, 086384.417, 123
Trd, 086384.750, 69
Trd, 086384.817, 66
Trd, 086385.533, 140
Trd, 086385.683, 140
Trd, 086386.150, 107
Trd, 086386.367, 108
Trd, 086386.383, 109
Trd, 086387.317, 136
Trd, 086387.617, 140
Trd, 086387.783, 140
Trd, 086387.867, 139
Trd, 086388.033, 135
Trd, 086388.533, 136
Trd, 086389.150, 100
Trd, 086389.367, 95
Trd, 086389.383, 116
Trd, 086389.717, 127
Trd, 086389.750, 113
Trd, 086389.833, 129
Trd, 086389.967, 137
Trd, 086390.033, 138
Trd, 086390.217, 137
Trd, 086391.083, 130
Trd, 086391.167, 129
Trd, 086391.267, 119
Trd, 086391.300, 111
Trd, 086391.417, 108
Trd, 086391.567, 136
Trd, 086391.667, 108
Trd, 086391.683, 137
Trd, 086391.750, 138
Trd, 086391.867, 107
Trd, 086392.183, 135
Trd, 086392.433, 130
Trd, 086393.000, 138
Trd, 086393.767, 136
Trd, 086393.783, 135
Trd, 086394.100, 140
Trd, 086394.150, 134
Trd, 086394.183, 133
Trd, 086394.800, 129
Trd, 086394.950, 120
Trd, 086395.267, 140
Trd, 086395.333, 139
Trd, 086395.400, 135
Trd, 086395.767, 124
Trd, 086396.133, 134
Trd, 086396.367, 122
Trd, 086396.500, 138
Trd, 086397.283, 140
Trd, 086397.517, 137
Trd, 086397.617, 136
Trd, 086397.850, 122
Trd, 086398.033, 122
Trd, 086398.083, 122
Trd, 086398.233, 139
Trd, 086398.350, 120
Trd, 086398.367, 112
Trd, 086398.967, 110
Trd, 086399.183, 106
Trd, 086399.350, 131
Trd, 086399.783, 136
