Trd, 085778.567, 123
Trd, 085778.733, 121
Trd, 085778.883, 111
Trd, 085779.300, 111
Trd, 085779.483, 137
Trd, 085779.617, 107
Trd, 085779.650, 106
Trd, 085780.183, 112
Trd, 085780.250, 128
Trd, 085780.333, 99
Trd, 085780.550, 128
Trd, 085780.600, 127
Trd, 085780.950, 116
Trd, 085781.217, 111
Trd, 085781.517, 110
Trd, 085781.733, 109
Trd, 085781.767, 110
Trd, 085782.200, 111
Trd, 085782.600, 119
Trd, 085782.667, 118
Trd, 085783.000, 133
Trd, 085783.050, 136
Trd, 085783.383, 112
Trd, 085783.433, 106
Trd, 085783.583, 101
Trd, 085784.117, 114
Trd, 085784.250, 105
Trd, 085784.767, 139
Trd, 085784.817, 132
Trd, 085785.633, 134
Trd, 085785.783, 125
Trd, 085786.017, 121
Trd, 085786.233, 119
Trd, 085786.317, 116
Trd, 085786.467, 137
Trd, 085786.867, 130
Trd, 085786.917, 137
Trd, 085787.250, 121
Trd, 085787.417, 110
Trd, 085787.567, 132
Trd, 085787.633, 131
Trd, 085787.700, 95
Trd, 085788.017, 91
Trd, 085788.167, 131
Trd, 085788.183, 87
Trd, 085788.367, 107
Trd, 085788.567, 136
Trd, 085788.683, 135
Trd, 085789.267, 135
Trd, 085789.417, 134
Trd, 085789.467, 134
Trd, 085789.600, 130
Trd, 085789.700, 140
Trd, 085790.067, 124
Trd, 085790.100, 119
Trd, 085791.217, 114
Trd, 085791.800, 139
Trd, 085791.867, 138
Trd, 085792.200, 128
Trd, 085792.783, 131
Trd, 085793.033, 130
Trd, 085793.050, 129
Trd, 085793.150, 136
Trd, 085793.217, 127
Trd, 085793.483, 119
Trd, 085793.600, 118
Trd, 085793.617, 113
Trd, 085793.833, 136
Trd, 085793.917, 140
Trd, 085794.033, 138
Trd, 085794.500, 124
Trd, 085794.617, 113
Trd, 085794.633, 110
Trd, 085795.317, 129
Trd, 085795.367, 128
Trd, 085795.617, 108
Trd, 085796.300, 109
Trd, 085796.717, 111
Trd, 085797.033, 110
Trd, 085797.050, 116
Trd, 085797.067, 128
Trd, 085797.433, 117
Trd, 085797.817, 111
Trd, 085797.883, 123
Trd, 085798.067, 122
Trd, 085798.367, 135
Trd, 085798.567, 112
Trd, 085799.083, 112
Trd, 085799.467, 135
Trd, 085800.533, 138
Trd, 085800.600, 138
Trd, 085800.733, 137
Trd, 085800.833, 130
Trd, 085800.983, 118
Trd, 085801.317, 115
Trd, 085801.983, 139
Trd, 085802.333, 139
Trd, 085802.383, 138
Trd, 085802.433, 124
Trd, 085802.800, 139
Trd, 085803.167, 139
Trd, 085803.583, 137
Trd, 085804.050, 137
Trd, 085804.333, 125
Trd, 085804.450, 131
Trd, 085804.467, 121
Trd, 085804.567, 121
Trd, 085804.633, 120
Trd, 085805.100, 137
Trd, 085805.300, 140
Trd, 085805.350, 136
Trd, 085805.750, 138
Trd, 085806.317, 140
Trd, 085806.483, 126
Trd, 085806.583, 130
Trd, 085806.900, 130
Trd, 085807.133, 121
Trd, 085807.417, 119
Trd, 085807.483, 116
Trd, 085808.033, 135
Trd, 085808.200, 134
Trd, 085808.433, 133
Trd, 085808.717, 112
Trd, 085808.800, 116
Trd, 085808.867, 108
Trd, 085808.933, 119
Trd, 085808.967, 116
Trd, 085809.200, 108
Trd, 085809.217, 106
Trd, 085809.350, 105
Trd, 085809.367, 89
Trd, 085809.483, 125
Trd, 085809.717, 140
Trd, 085809.917, 125
Trd, 085809.967, 108
Trd, 085810.450, 117
Trd, 085810.467, 133
Trd, 085810.583, 104
Trd, 085810.883, 86
Trd, 085810.950, 119
Trd, 085811.517, 119
Trd, 085811.667, 114
Trd, 085812.083, 85
Trd, 085812.200, 60
Trd, 085812.367, 102
Trd, 085812.750, 97
Trd, 085813.633, 124
Trd, 085813.717, 123
Trd, 085813.817, 133
Trd, 085814.200, 134
Trd, 085814.400, 132
Trd, 085814.450, 131
Trd, 085815.250, 140
Trd, 085815.767, 140
Trd, 085815.917, 140
Trd, 085816.333, 140
Trd, 085816.350, 140
Trd, 085816.417, 140
Trd, 085816.967, 140
Trd, 085817.000, 138
Trd, 085817.433, 140
Trd, 085817.500, 135
Trd, 085818.217, 140
Trd, 085818.267, 140
Trd, 085818.400, 138
Trd, 085818.767, 134
Trd, 085818.867, 133
Trd, 085818.900, 127
Trd, 085819.000, 123
Trd, 085819.317, 109
Trd, 085819.367, 133
Trd, 085819.533, 132
Trd, 085819.617, 124
Trd, 085820.033, 136
Trd, 085820.450, 137
Trd, 085821.150, 140
Trd, 085821.217, 140
Trd, 085821.300, 135
Trd, 085821.417, 131
Trd, 085822.283, 133
Trd, 085822.517, 132
Trd, 085822.767, 136
Trd, 085822.933, 136
Trd, 085822.967, 135
Trd, 085823.700, 139
Trd, 085823.800, 136
Trd, 085824.017, 136
Trd, 085824.167, 139
Trd, 085824.317, 132
Trd, 085824.567, 123
Trd, 085825.350, 133
Trd, 085825.383, 130
Trd, 085825.750, 140
Trd, 085825.800, 140
Trd, 085826.183, 128
Trd, 085826.350, 113
Trd, 085826.400, 111
Trd, 085826.433, 108
Trd, 085826.450, 117
Trd, 085826.683, 138
Trd, 085826.933, 139
Trd, 085827.117, 116
Trd, 085827.217, 118
Trd, 085827.833, 140
Trd, 085828.500, 140
Trd, 085828.700, 140
Trd, 085829.033, 140
Trd, 085829.433, 140
Trd, 085829.467, 140
Trd, 085829.633, 123
Trd, 085829.833, 140
Trd, 085830.183, 123
Trd, 085830.417, 140
Trd, 085830.567, 124
Trd, 085831.267, 135
Trd, 085831.350, 134
Trd, 085831.383, 133
Trd, 085831.617, 138
Trd, 085831.950, 140
Trd, 085832.033, 139
Trd, 085832.367, 139
Trd, 085832.433, 134
Trd, 085832.617, 122
Trd, 085832.950, 117
Trd, 085832.983, 121
Trd, 085833.283, 121
Trd, 085833.350, 116
Trd, 085833.967, 122
Trd, 085834.233, 126
Trd, 085834.250, 131
Trd, 085834.267, 111
Trd, 085834.433, 104
Trd, 085834.733, 101
Trd, 085834.967, 113
Trd, 085835.933, 138
Trd, 085836.100, 94
Trd, 085836.233, 107
Trd, 085836.450, 140
Trd, 085836.533, 106
Trd, 085836.550, 89
Trd, 085836.883, 116
Trd, 085836.983, 115
Trd, 085837.500, 132
Trd, 085837.567, 129
Trd, 085837.717, 138
Trd, 085838.050, 130
Trd, 085838.133, 130
Trd, 085838.167, 117
Trd, 085838.667, 129
Trd, 085838.750, 117
Trd, 085838.783, 116
Trd, 085839.367, 139
Trd, 085839.467, 139
Trd, 085839.667, 138
Trd, 085840.000, 140
Trd, 085840.050, 126
Trd, 085840.067, 118
Trd, 085840.400, 102
Trd, 085840.500, 137
Trd, 085840.550, 102
Trd, 085840.750, 103
Trd, 085840.817, 94
Trd, 085841.150, 118
Trd, 085841.417, 139
Trd, 085841.483, 88
Trd, 085842.417, 103
Trd, 085842.483, 96
Trd, 085842.683, 98
Trd, 085842.783, 104
Trd, 085843.067, 125
Trd, 085843.283, 137
Trd, 085843.883, 122
Trd, 085844.083, 127
Trd, 085844.183, 110
Trd, 085844.267, 109
Trd, 085844.700, 135
Trd, 085844.883, 134
Trd, 085845.067, 109
Trd, 085845.183, 108
Trd, 085845.450, 107
Trd, 085846.283, 125
Trd, 085847.200, 139
Trd, 085847.317, 139
Trd, 085847.900, 140
Trd, 085847.983, 140
Trd, 085848.217, 140
Trd, 085848.500, 140
Trd, 085848.850, 140
Trd, 085849.100, 139
Trd, 085849.267, 140
Trd, 085849.283, 131
Trd, 085849.367, 140
Trd, 085849.433, 125
Trd, 085849.600, 122
Trd, 085849.683, 120
Trd, 085849.983, 139
Trd, 085850.250, 139
Trd, 085850.300, 138
Trd, 085850.767, 140
Trd, 085851.150, 140
Trd, 085851.417, 140
Trd, 085852.217, 140
Trd, 085852.600, 137
Trd, 085852.950, 129
Trd, 085853.250, 128
Trd, 085853.450, 127
Trd, 085853.517, 113
Trd, 085853.983, 140
Trd, 085854.100, 126
Trd, 085854.250, 125
Trd, 085854.417, 139
Trd, 085854.467, 139
Trd, 085854.600, 122
Trd, 085855.000, 113
Trd, 085855.033, 117
Trd, 085855.133, 109
Trd, 085855.433, 105
Trd, 085855.800, 105
Trd, 085855.883, 104
Trd, 085855.950, 107
Trd, 085856.283, 125
Trd, 085856.417, 127
Trd, 085856.467, 97
Trd, 085856.483, 129
Trd, 085856.683, 86
Trd, 085856.983, 81
Trd, 085857.333, 137
Trd, 085857.667, 118
Trd, 085857.867, 110
Trd, 085858.233, 135
Trd, 085858.833, 133
Trd, 085859.017, 133
Trd, 085859.300, 133
Trd, 085859.333, 134
Trd, 085859.350, 139
Trd, 085859.383, 132
Trd, 085860.100, 132
Trd, 085860.150, 128
Trd, 085860.233, 140
Trd, 085860.500, 140
Trd, 085860.583, 117
Trd, 085861.067, 117
Trd, 085861.317, 117
Trd, 085861.367, 137
Trd, 085861.533, 106
Trd, 085861.650, 106
Trd, 085862.100, 122
Trd, 085862.150, 111
Trd, 085863.183, 125
Trd, 085863.500, 140
Trd, 085863.833, 140
Trd, 085863.867, 140
Trd, 085864.250, 138
Trd, 085864.350, 133
Trd, 085864.633, 131
Trd, 085864.800, 125
Trd, 085864.950, 124
Trd, 085864.983, 123
Trd, 085865.417, 130
Trd, 085865.517, 138
Trd, 085865.717, 138
Trd, 085865.917, 137
Trd, 085865.967, 138
Trd, 085866.533, 138
Trd, 085866.567, 137
Trd, 085866.717, 140
Trd, 085866.900, 122
Trd, 085867.333, 123
Trd, 085867.650, 130
Trd, 085867.750, 122
Trd, 085867.817, 109
Trd, 085867.867, 108
Trd, 085868.667, 137
Trd, 085868.733, 135
Trd, 085868.950, 137
Trd, 085869.250, 108
Trd, 085869.717, 99
Trd, 085869.900, 105
Trd, 085870.833, 140
Trd, 085871.183, 140
Trd, 085871.217, 139
Trd, 085871.817, 139
Trd, 085872.033, 138
Trd, 085872.167, 140
Trd, 085872.250, 139
Trd, 085872.417, 137
Trd, 085872.467, 136
Trd, 085872.700, 133
Trd, 085872.783, 129
Trd, 085873.133, 126
Trd, 085873.217, 119
Trd, 085873.267, 120
Trd, 085873.383, 117
Trd, 085873.517, 138
Trd, 085873.650, 137
Trd, 085873.767, 122
Trd, 085874.233, 129
Trd, 085875.150, 134
Trd, 085875.200, 121
Trd, 085875.400, 140
Trd, 085875.500, 137
Trd, 085875.800, 139
Trd, 085876.017, 136
Trd, 085876.050, 126
Trd, 085876.650, 124
Trd, 085876.933, 126
Trd, 085876.967, 137
Trd, 085877.067, 119
Trd, 085877.183, 118
Trd, 085877.467, 140
Trd, 085877.700, 140
Trd, 085878.283, 139
Trd, 085879.033, 139
Trd, 085879.050, 131
Trd, 085879.433, 140
Trd, 085879.950, 140
Trd, 085880.033, 140
Trd, 085880.367, 140
Trd, 085880.450, 139
Trd, 085880.483, 127
Trd, 085880.600, 122
Trd, 085880.650, 112
Trd, 085880.933, 140
Trd, 085881.467, 137
Trd, 085881.750, 136
Trd, 085881.833, 136
Trd, 085881.917, 133
Trd, 085882.083, 117
Trd, 085882.167, 111
Trd, 085882.500, 135
Trd, 085882.950, 139
Trd, 085883.000, 135
Trd, 085883.117, 127
Trd, 085883.517, 140
Trd, 085883.533, 139
Trd, 085883.567, 137
Trd, 085883.933, 122
Trd, 085884.183, 128
Trd, 085884.417, 110
Trd, 085884.583, 105
Trd, 085884.850, 101
Trd, 085885.000, 101
Trd, 085885.417, 104
Trd, 085886.100, 135
Trd, 085886.217, 134
Trd, 085886.250, 122
Trd, 085886.333, 103
Trd, 085886.383, 102
Trd, 085886.683, 139
Trd, 085886.800, 140
Trd, 085886.967, 139
Trd, 085887.017, 114
Trd, 085887.433, 140
Trd, 085887.717, 140
Trd, 085887.983, 138
Trd, 085888.033, 137
Trd, 085888.217, 124
Trd, 085888.317, 119
Trd, 085888.583, 123
Trd, 085888.983, 127
Trd, 085889.133, 139
Trd, 085889.150, 126
Trd, 085889.400, 125
Trd, 085889.450, 131
Trd, 085889.700, 119
Trd, 085890.000, 135
Trd, 085890.133, 100
Trd, 085890.567, 115
Trd, 085890.817, 134
Trd, 085890.833, 111
Trd, 085891.133, 140
Trd, 085891.983, 121
Trd, 085892.117, 105
Trd, 085892.650, 138
Trd, 085892.900, 111
Trd, 085892.983, 116
Trd, 085893.117, 121
Trd, 085893.133, 120
Trd, 085893.283, 133
Trd, 085893.383, 138
Trd, 085893.400, 123
Trd, 085893.633, 122
Trd, 085893.717, 105
Trd, 085894.233, 105
Trd, 085894.600, 116
Trd, 085894.967, 139
Trd, 085895.617, 140
Trd, 085895.667, 140
Trd, 085896.050, 140
Trd, 085896.083, 136
Trd, 085896.483, 140
Trd, 085896.550, 139
Trd, 085896.817, 133
Trd, 085896.867, 133
Trd, 085897.300, 109
Trd, 085897.350, 90
Trd, 085897.467, 90
Trd, 085897.650, 113
Trd, 085897.883, 92
Trd, 085897.933, 89
Trd, 085898.033, 105
Trd, 085898.200, 90
Trd, 085899.017, 106
Trd, 085899.400, 92
Trd, 085899.683, 93
Trd, 085900.200, 140
Trd, 085900.750, 140
Trd, 085900.967, 118
Trd, 085901.300, 140
Trd, 085901.650, 136
Trd, 085901.983, 119
Trd, 085902.217, 107
Trd, 085902.267, 103
Trd, 085902.283, 101
Trd, 085902.350, 123
Trd, 085902.600, 121
Trd, 085902.750, 139
Trd, 085902.883, 114
Trd, 085902.933, 80
Trd, 085903.133, 140
Trd, 085903.300, 121
Trd, 085903.400, 138
Trd, 085903.450, 120
Trd, 085903.500, 117
Trd, 085903.550, 120
Trd, 085904.083, 107
Trd, 085904.467, 107
Trd, 085904.517, 111
Trd, 085904.600, 121
Trd, 085904.900, 106
Trd, 085905.317, 109
Trd, 085905.383, 130
Trd, 085905.833, 140
Trd, 085906.267, 124
Trd, 085906.517, 133
Trd, 085906.800, 129
Trd, 085907.133, 138
Trd, 085907.150, 137
Trd, 085907.233, 137
Trd, 085907.417, 138
Trd, 085907.433, 137
Trd, 085907.483, 136
Trd, 085907.650, 130
Trd, 085907.833, 128
Trd, 085908.133, 133
Trd, 085908.183, 126
Trd, 085908.350, 133
Trd, 085908.367, 135
Trd, 085908.383, 116
Trd, 085908.833, 100
Trd, 085908.917, 91
Trd, 085909.350, 107
Trd, 085909.833, 94
Trd, 085910.050, 103
Trd, 085910.483, 74
Trd, 085910.650, 108
Trd, 085910.683, 73
Trd, 085910.833, 123
Trd, 085911.283, 98
Trd, 085911.417, 111
Trd, 085911.483, 98
Trd, 085912.133, 99
Trd, 085912.483, 124
Trd, 085912.583, 123
Trd, 085912.617, 127
Trd, 085912.800, 130
Trd, 085912.933, 124
Trd, 085913.683, 139
Trd, 085914.000, 140
Trd, 085914.100, 121
Trd, 085914.883, 139
Trd, 085915.133, 136
Trd, 085915.167, 114
Trd, 085915.217, 136
Trd, 085915.333, 105
Trd, 085916.033, 140
Trd, 085916.117, 123
Trd, 085916.383, 102
Trd, 085916.567, 99
Trd, 085916.983, 79
Trd, 085917.033, 78
Trd, 085917.683, 137
Trd, 085918.600, 140
Trd, 085918.767, 140
Trd, 085919.400, 140
Trd, 085919.500, 140
Trd, 085919.717, 140
Trd, 085919.983, 140
Trd, 085920.367, 140
Trd, 085920.583, 140
Trd, 085920.600, 136
Trd, 085920.983, 134
Trd, 085921.533, 133
Trd, 085921.667, 124
Trd, 085922.017, 138
Trd, 085923.033, 128
Trd, 085923.083, 120
Trd, 085923.167, 131
Trd, 085923.417, 134
Trd, 085923.717, 134
Trd, 085923.817, 134
Trd, 085923.883, 132
Trd, 085924.067, 119
Trd, 085924.333, 108
Trd, 085924.400, 106
Trd, 085924.533, 133
Trd, 085925.033, 140
Trd, 085925.067, 140
Trd, 085925.717, 130
Trd, 085925.917, 126
Trd, 085925.950, 113
Trd, 085926.100, 113
Trd, 085926.217, 100
Trd, 085926.583, 127
Trd, 085926.967, 140
Trd, 085927.900, 140
Trd, 085927.933, 140
Trd, 085927.983, 123
Trd, 085928.567, 140
Trd, 085928.733, 140
Trd, 085928.750, 140
Trd, 085929.067, 140
Trd, 085929.233, 140
Trd, 085929.400, 139
Trd, 085929.533, 139
Trd, 085929.700, 139
Trd, 085929.833, 121
Trd, 085929.883, 116
Trd, 085930.700, 140
Trd, 085931.133, 138
Trd, 085931.400, 139
Trd, 085931.683, 139
Trd, 085932.283, 140
Trd, 085932.567, 139
Trd, 085932.867, 140
Trd, 085932.983, 140
Trd, 085933.350, 139
Trd, 085933.650, 139
Trd, 085933.833, 136
Trd, 085933.950, 136
Trd, 085934.000, 135
Trd, 085934.067, 132
Trd, 085934.317, 133
Trd, 085934.650, 134
Trd, 085934.800, 126
Trd, 085934.833, 125
Trd, 085934.967, 138
Trd, 085935.383, 117
Trd, 085935.883, 139
Trd, 085935.933, 138
Trd, 085936.033, 130
Trd, 085936.517, 132
Trd, 085936.850, 136
Trd, 085936.983, 119
Trd, 085937.233, 118
Trd, 085937.383, 118
Trd, 085937.567, 118
Trd, 085937.583, 137
Trd, 085937.900, 125
Trd, 085938.217, 126
Trd, 085938.283, 98
Trd, 085938.300, 98
Trd, 085938.483, 118
Trd, 085938.567, 97
Trd, 085939.033, 79
Trd, 085939.200, 122
Trd, 085939.283, 120
Trd, 085940.283, 136
Trd, 085940.417, 140
Trd, 085941.167, 140
Trd, 085941.833, 139
Trd, 085942.217, 138
Trd, 085942.333, 137
Trd, 085942.600, 132
Trd, 085942.717, 126
Trd, 085942.883, 134
Trd, 085943.117, 127
Trd, 085943.283, 135
Trd, 085943.533, 134
Trd, 085943.750, 126
Trd, 085944.017, 139
Trd, 085944.083, 135
Trd, 085944.383, 132
Trd, 085944.450, 131
Trd, 085944.483, 123
Trd, 085944.583, 123
Trd, 085944.783, 117
Trd, 085945.283, 132
Trd, 085945.867, 140
Trd, 085945.950, 140
Trd, 085946.100, 133
Trd, 085946.283, 129
Trd, 085947.067, 140
Trd, 085947.500, 138
Trd, 085947.750, 140
Trd, 085948.250, 134
Trd, 085948.317, 118
Trd, 085948.383, 110
Trd, 085948.583, 134
Trd, 085948.617, 133
Trd, 085948.733, 103
Trd, 085948.950, 102
Trd, 085949.100, 87
Trd, 085949.217, 86
Trd, 085949.317, 85
Trd, 085949.383, 102
Trd, 085949.550, 115
Trd, 085949.767, 116
Trd, 085950.233, 113
Trd, 085950.317, 105
Trd, 085950.333, 92
Trd, 085950.767, 99
Trd, 085950.867, 93
Trd, 085950.917, 94
Trd, 085951.167, 111
Trd, 085951.550, 140
Trd, 085951.600, 133
Trd, 085952.333, 117
Trd, 085952.633, 132
Trd, 085952.733, 117
Trd, 085952.900, 134
Trd, 085953.250, 118
Trd, 085953.533, 139
Trd, 085953.917, 132
Trd, 085954.367, 119
Trd, 085954.500, 137
Trd, 085954.800, 138
Trd, 085954.900, 127
Trd, 085955.233, 139
Trd, 085955.367, 139
Trd, 085955.400, 138
Trd, 085955.533, 139
Trd, 085955.650, 126
Trd, 085955.783, 114
Trd, 085956.133, 131
Trd, 085956.167, 122
Trd, 085956.183, 121
Trd, 085956.367, 120
Trd, 085956.467, 109
Trd, 085956.967, 104
Trd, 085957.167, 98
Trd, 085957.367, 111
Trd, 085957.617, 110
Trd, 085957.667, 119
Trd, 085958.917, 120
Trd, 085959.017, 125
Trd, 085959.333, 126
Trd, 085959.550, 127
Trd, 085959.667, 120
Trd, 085960.183, 134
Trd, 085961.250, 140
Trd, 085961.450, 140
Trd, 085961.600, 138
Trd, 085961.783, 140
Trd, 085961.800, 135
Trd, 085962.083, 131
Trd, 085962.350, 135
Trd, 085962.467, 130
Trd, 085962.733, 130
Trd, 085963.000, 133
Trd, 085963.333, 127
Trd, 085963.867, 139
Trd, 085963.917, 125
Trd, 085964.183, 109
Trd, 085965.583, 136
Trd, 085965.750, 133
Trd, 085966.333, 121
Trd, 085966.500, 118
Trd, 085966.517, 117
Trd, 085966.683, 140
Trd, 085966.800, 139
Trd, 085967.133, 114
Trd, 085967.767, 139
Trd, 085967.867, 139
Trd, 085968.100, 140
Trd, 085968.550, 117
Trd, 085968.567, 115
Trd, 085968.683, 115
Trd, 085968.950, 139
Trd, 085969.000, 136
Trd, 085969.067, 114
Trd, 085969.567, 139
Trd, 085970.183, 139
Trd, 085970.650, 140
Trd, 085970.917, 140
Trd, 085971.067, 140
Trd, 085971.083, 139
Trd, 085971.100, 137
Trd, 085971.183, 130
Trd, 085971.317, 127
Trd, 085971.533, 123
Trd, 085971.550, 119
Trd, 085971.867, 111
Trd, 085971.933, 110
Trd, 085972.217, 139
Trd, 085972.267, 111
Trd, 085972.483, 137
Trd, 085972.717, 137
Trd, 085972.967, 136
Trd, 085973.033, 118
Trd, 085973.500, 126
Trd, 085973.800, 116
Trd, 085973.933, 121
Trd, 085974.717, 131
Trd, 085975.000, 118
Trd, 085975.200, 89
Trd, 085975.250, 122
Trd, 085975.300, 81
Trd, 085975.500, 106
Trd, 085975.550, 133
Trd, 085975.633, 84
Trd, 085975.867, 94
Trd, 085975.950, 95
Trd, 085976.033, 83
Trd, 085976.183, 119
Trd, 085976.500, 82
Trd, 085977.167, 102
Trd, 085977.267, 140
Trd, 085977.367, 140
Trd, 085977.533, 100
Trd, 085977.933, 121
Trd, 085977.983, 106
Trd, 085978.200, 105
Trd, 085978.733, 127
Trd, 085979.150, 140
Trd, 085979.250, 140
Trd, 085979.500, 140
Trd, 085979.750, 139
Trd, 085980.383, 139
Trd, 085980.983, 140
Trd, 085981.350, 140
Trd, 085981.433, 140
Trd, 085981.717, 140
Trd, 085981.850, 138
Trd, 085981.900, 132
Trd, 085982.183, 130
Trd, 085982.517, 122
Trd, 085982.783, 112
Trd, 085983.050, 112
Trd, 085983.117, 111
Trd, 085983.300, 112
Trd, 085983.400, 121
Trd, 085983.517, 124
Trd, 085983.650, 115
Trd, 085983.750, 103
Trd, 085983.850, 103
Trd, 085984.100, 100
Trd, 085984.400, 135
Trd, 085984.450, 138
Trd, 085984.800, 140
Trd, 085984.917, 100
Trd, 085985.033, 92
Trd, 085985.233, 85
Trd, 085985.417, 110
Trd, 085985.633, 122
Trd, 085986.233, 135
Trd, 085986.483, 126
Trd, 085986.667, 138
Trd, 085987.167, 137
Trd, 085988.117, 135
Trd, 085988.533, 139
Trd, 085988.633, 138
Trd, 085988.700, 135
Trd, 085988.850, 134
Trd, 085989.450, 140
Trd, 085989.650, 140
Trd, 085990.050, 138
Trd, 085990.250, 132
Trd, 085990.267, 123
Trd, 085990.350, 104
Trd, 085990.500, 132
Trd, 085990.867, 132
Trd, 085991.867, 140
Trd, 085992.017, 140
Trd, 085992.217, 140
Trd, 085992.317, 140
Trd, 085992.400, 138
Trd, 085992.467, 137
Trd, 085992.683, 121
Trd, 085992.833, 114
Trd, 085993.150, 114
Trd, 085993.283, 118
Trd, 085993.600, 137
Trd, 085993.800, 123
Trd, 085994.083, 140
Trd, 085994.100, 138
Trd, 085994.717, 140
Trd, 085994.783, 140
Trd, 085994.983, 129
Trd, 085995.200, 128
Trd, 085995.533, 123
Trd, 085995.550, 122
Trd, 085995.567, 116
Trd, 085996.033, 137
Trd, 085996.350, 113
Trd, 085996.433, 96
Trd, 085996.833, 138
Trd, 085996.850, 137
Trd, 085997.667, 136
Trd, 085997.683, 136
Trd, 085997.700, 125
Trd, 085998.033, 117
Trd, 085998.267, 116
Trd, 085999.067, 136
Trd, 085999.183, 129
Trd, 085999.450, 120
Trd, 085999.800, 140
Trd, 085999.833, 120
Trd, 086000.183, 124
Trd, 086000.267, 121
Trd, 086000.400, 120
Trd, 086000.750, 129
Trd, 086000.900, 115
Trd, 086001.050, 115
Trd, 086001.300, 114
Trd, 086001.650, 139
Trd, 086002.517, 139
Trd, 086002.617, 137
Trd, 086002.717, 140
Trd, 086003.183, 119
Trd, 086003.350, 140
Trd, 086003.533, 117
Trd, 086003.733, 115
Trd, 086003.950, 107
Trd, 086004.067, 136
Trd, 086004.417, 136
Trd, 086004.650, 118
Trd, 086004.700, 110
Trd, 086004.733, 102
Trd, 086005.150, 100
Trd, 086005.167, 99
Trd, 086005.200, 90
Trd, 086005.550, 105
Trd, 086005.667, 83
Trd, 086005.967, 124
Trd, 086006.050, 96
Trd, 086006.350, 140
Trd, 086006.667, 139
Trd, 086006.767, 138
Trd, 086006.800, 137
Trd, 086007.067, 140
Trd, 086007.367, 135
Trd, 086007.600, 120
Trd, 086008.067, 106
Trd, 086008.267, 101
Trd, 086008.600, 122
Trd, 086008.633, 117
Trd, 086008.650, 93
Trd, 086008.683, 123
Trd, 086008.767, 91
Trd, 086009.150, 105
Trd, 086009.283, 104
Trd, 086009.800, 94
Trd, 086009.833, 121
Trd, 086009.933, 125
Trd, 086010.517, 82
Trd, 086010.583, 121
Trd, 086011.250, 137
Trd, 086011.400, 127
Trd, 086011.567, 126
Trd, 086011.617, 119
Trd, 086012.000, 120
Trd, 086012.233, 110
Trd, 086012.400, 113
Trd, 086012.817, 132
Trd, 086013.050, 140
Trd, 086013.167, 134
Trd, 086013.583, 109
Trd, 086013.683, 106
Trd, 086013.967, 106
Trd, 086014.150, 99
Trd, 086014.167, 102
Trd, 086014.550, 131
Trd, 086014.733, 100
Trd, 086014.750, 98
Trd, 086014.800, 97
Trd, 086014.933, 131
Trd, 086015.483, 131
Trd, 086015.900, 140
Trd, 086015.950, 138
Trd, 086016.117, 140
Trd, 086016.133, 119
Trd, 086016.317, 117
Trd, 086016.350, 116
Trd, 086016.417, 94
Trd, 086016.600, 80
Trd, 086017.417, 103
Trd, 086017.633, 104
Trd, 086018.333, 109
Trd, 086018.483, 112
Trd, 086019.100, 112
Trd, 086019.233, 111
Trd, 086019.300, 110
Trd, 086019.450, 108
Trd, 086019.633, 129
Trd, 086019.650, 128
Trd, 086020.033, 119
Trd, 086020.133, 117
Trd, 086021.150, 113
Trd, 086021.333, 114
Trd, 086021.483, 108
Trd, 086021.517, 138
Trd, 086021.750, 140
Trd, 086022.367, 98
Trd, 086022.517, 108
Trd, 086022.733, 129
Trd, 086023.367, 125
Trd, 086023.833, 135
Trd, 086024.250, 135
Trd, 086024.450, 137
Trd, 086024.617, 140
Trd, 086024.767, 137
Trd, 086024.900, 136
Trd, 086025.267, 139
Trd, 086025.600, 139
Trd, 086025.717, 138
Trd, 086026.000, 126
Trd, 086026.317, 124
Trd, 086026.417, 131
Trd, 086026.733, 139
Trd, 086026.800, 121
Trd, 086027.167, 139
Trd, 086027.667, 129
Trd, 086027.933, 137
Trd, 086028.067, 108
Trd, 086028.200, 137
Trd, 086028.333, 108
Trd, 086028.567, 123
Trd, 086028.600, 122
Trd, 086029.050, 126
Trd, 086029.083, 125
Trd, 086029.183, 123
Trd, 086029.200, 117
Trd, 086029.317, 138
Trd, 086029.333, 121
Trd, 086029.417, 125
Trd, 086029.633, 114
Trd, 086029.850, 112
Trd, 086030.200, 121
Trd, 086030.483, 133
Trd, 086031.167, 134
Trd, 086031.267, 117
Trd, 086031.517, 116
Trd, 086031.583, 112
Trd, 086032.050, 136
Trd, 086032.100, 112
Trd, 086032.300, 102
Trd, 086032.550, 99
Trd, 086032.733, 96
Trd, 086032.850, 133
Trd, 086033.217, 114
Trd, 086033.333, 110
Trd, 086033.733, 140
Trd, 086034.000, 137
Trd, 086034.483, 109
Trd, 086034.567, 108
Trd, 086034.933, 134
Trd, 086034.983, 94
Trd, 086035.267, 112
Trd, 086035.383, 119
Trd, 086035.817, 115
Trd, 086035.900, 94
Trd, 086035.967, 94
Trd, 086036.283, 115
Trd, 086036.617, 135
Trd, 086036.883, 128
Trd, 086036.950, 117
Trd, 086037.167, 109
Trd, 086037.367, 119
Trd, 086037.617, 107
Trd, 086037.750, 99
Trd, 086037.933, 127
Trd, 086038.167, 134
Trd, 086038.317, 96
Trd, 086038.367, 96
Trd, 086038.517, 95
Trd, 086038.783, 123
Trd, 086038.800, 100
Trd, 086038.950, 81
Trd, 086039.300, 111
Trd, 086039.383, 90
Trd, 086039.617, 135
Trd, 086039.750, 139
Trd, 086040.050, 140
Trd, 086040.550, 140
Trd, 086040.600, 140
Trd, 086040.850, 111
Trd, 086041.033, 108
Trd, 086041.633, 130
Trd, 086041.817, 118
Trd, 086042.000, 123
Trd, 086042.083, 106
Trd, 086042.283, 99
Trd, 086042.467, 118
Trd, 086042.533, 134
Trd, 086042.967, 132
Trd, 086043.050, 140
Trd, 086043.183, 140
Trd, 086043.600, 132
Trd, 086043.717, 130
Trd, 086044.450, 124
Trd, 086044.483, 119
Trd, 086044.500, 118
Trd, 086044.533, 127
Trd, 086045.083, 140
Trd, 086045.233, 125
Trd, 086045.433, 129
Trd, 086045.733, 126
Trd, 086045.983, 135
Trd, 086046.167, 125
Trd, 086046.317, 129
Trd, 086046.617, 131
Trd, 086047.133, 139
Trd, 086047.800, 130
Trd, 086048.117, 130
Trd, 086048.367, 135
Trd, 086048.567, 127
Trd, 086049.150, 139
Trd, 086049.183, 132
Trd, 086049.417, 126
Trd, 086049.533, 122
Trd, 086049.583, 125
Trd, 086049.883, 135
Trd, 086050.167, 133
Trd, 086050.250, 140
Trd, 086050.383, 139
Trd, 086050.517, 132
Trd, 086050.600, 125
Trd, 086051.167, 134
Trd, 086051.317, 133
Trd, 086051.517, 137
Trd, 086051.683, 134
Trd, 086052.000, 116
Trd, 086052.167, 115
Trd, 086052.833, 139
Trd, 086053.367, 127
Trd, 086053.583, 124
Trd, 086053.683, 123
Trd, 086053.733, 115
Trd, 086054.067, 136
Trd, 086054.300, 136
Trd, 086054.317, 133
Trd, 086054.333, 138
Trd, 086054.467, 109
Trd, 086054.517, 107
Trd, 086054.550, 132
Trd, 086054.667, 110
Trd, 086054.833, 105
Trd, 086054.967, 106
Trd, 086055.217, 132
Trd, 086055.517, 140
Trd, 086055.750, 140
Trd, 086056.333, 140
Trd, 086056.483, 123
Trd, 086056.500, 121
Trd, 086057.267, 139
Trd, 086057.400, 137
Trd, 086057.467, 140
Trd, 086057.600, 127
Trd, 086057.867, 139
Trd, 086057.983, 140
Trd, 086058.333, 127
Trd, 086058.883, 123
Trd, 086059.217, 122
Trd, 086059.317, 130
Trd, 086059.600, 133
Trd, 086059.750, 112
Trd, 086059.900, 111
Trd, 086059.983, 137
Trd, 086060.033, 121
Trd, 086060.317, 138
Trd, 086060.550, 139
Trd, 086060.783, 138
Trd, 086061.233, 136
Trd, 086061.800, 126
Trd, 086061.817, 125
Trd, 086061.850, 118
Trd, 086061.967, 117
Trd, 086062.117, 140
Trd, 086062.550, 108
Trd, 086063.150, 110
Trd, 086063.950, 112
Trd, 086064.000, 133
Trd, 086064.133, 134
Trd, 086064.183, 134
Trd, 086064.200, 120
Trd, 086064.383, 112
Trd, 086064.633, 140
Trd, 086064.750, 131
Trd, 086065.400, 139
Trd, 086065.783, 140
Trd, 086066.450, 140
Trd, 086066.467, 139
Trd, 086066.600, 138
Trd, 086066.900, 138
Trd, 086067.350, 140
Trd, 086067.467, 138
Trd, 086067.533, 128
Trd, 086068.017, 140
Trd, 086068.167, 140
Trd, 086068.233, 139
Trd, 086068.300, 134
Trd, 086068.400, 127
Trd, 086068.483, 125
Trd, 086068.650, 113
Trd, 086068.800, 111
Trd, 086069.167, 114
Trd, 086069.283, 116
Trd, 086069.883, 101
Trd, 086069.933, 100
Trd, 086069.983, 103
Trd, 086070.050, 102
Trd, 086070.433, 104
Trd, 086070.500, 85
Trd, 086070.850, 96
Trd, 086071.117, 106
Trd, 086071.350, 127
Trd, 086071.517, 96
Trd, 086071.767, 124
Trd, 086071.783, 123
Trd, 086071.933, 120
Trd, 086071.983, 128
Trd, 086072.033, 95
Trd, 086072.417, 131
Trd, 086072.800, 118
Trd, 086072.933, 128
Trd, 086072.950, 132
Trd, 086073.350, 118
Trd, 086073.667, 106
Trd, 086073.817, 104
Trd, 086073.967, 118
Trd, 086074.450, 109
Trd, 086074.550, 139
Trd, 086074.800, 115
Trd, 086074.867, 133
Trd, 086074.883, 112
Trd, 086075.517, 140
Trd, 086075.783, 140
Trd, 086076.533, 140
Trd, 086076.567, 140
Trd, 086076.833, 140
Trd, 086076.967, 140
Trd, 086076.983, 139
Trd, 086077.100, 135
Trd, 086077.617, 140
Trd, 086077.817, 139
Trd, 086078.467, 128
Trd, 086078.683, 127
Trd, 086078.983, 105
Trd, 086079.017, 102
Trd, 086079.933, 115
Trd, 086080.017, 122
Trd, 086080.150, 97
Trd, 086080.383, 98
Trd, 086080.550, 96
Trd, 086080.650, 106
Trd, 086080.783, 123
Trd, 086080.867, 135
Trd, 086080.900, 122
Trd, 086081.150, 136
Trd, 086081.433, 131
Trd, 086081.467, 130
Trd, 086081.633, 134
Trd, 086081.983, 139
Trd, 086082.083, 117
Trd, 086082.383, 109
Trd, 086083.183, 127
Trd, 086083.400, 126
Trd, 086083.500, 134
Trd, 086083.650, 123
Trd, 086083.867, 137
Trd, 086084.050, 139
Trd, 086084.083, 131
Trd, 086084.183, 132
Trd, 086084.317, 122
Trd, 086084.400, 114
Trd, 086084.933, 121
Trd, 086085.050, 110
Trd, 086085.367, 110
Trd, 086085.517, 129
Trd, 086085.800, 139
Trd, 086085.833, 130
Trd, 086086.333, 132
Trd, 086086.433, 130
Trd, 086086.550, 127
Trd, 086087.000, 130
Trd, 086087.433, 140
Trd, 086087.600, 128
Trd, 086087.850, 140
Trd, 086088.050, 127
Trd, 086088.067, 122
Trd, 086088.217, 105
Trd, 086088.317, 102
Trd, 086088.850, 101
Trd, 086088.883, 100
Trd, 086088.933, 99
Trd, 086089.050, 104
Trd, 086089.217, 105
Trd, 086089.267, 102
Trd, 086089.650, 115
Trd, 086090.300, 101
Trd, 086090.367, 111
Trd, 086090.633, 127
Trd, 086090.833, 90
Trd, 086090.967, 68
Trd, 086091.000, 117
Trd, 086091.117, 129
Trd, 086091.400, 115
Trd, 086091.517, 131
Trd, 086092.117, 136
Trd, 086092.233, 124
Trd, 086092.483, 97
Trd, 086092.517, 94
Trd, 086092.617, 94
Trd, 086092.700, 94
Trd, 086092.767, 95
Trd, 086092.900, 139
Trd, 086093.267, 74
Trd, 086093.283, 62
Trd, 086093.633, 69
Trd, 086093.650, 108
Trd, 086094.650, 106
Trd, 086094.933, 100
Trd, 086095.283, 102
Trd, 086095.550, 99
Trd, 086095.650, 105
Trd, 086095.717, 118
Trd, 086095.800, 121
Trd, 086096.400, 124
Trd, 086096.433, 104
Trd, 086096.467, 103
Trd, 086096.517, 127
Trd, 086096.633, 104
Trd, 086096.867, 103
Trd, 086097.000, 129
Trd, 086097.317, 140
Trd, 086098.200, 140
Trd, 086098.300, 140
Trd, 086098.567, 138
Trd, 086098.883, 136
Trd, 086099.017, 139
Trd, 086099.517, 139
Trd, 086099.567, 133
Trd, 086099.617, 112
Trd, 086099.750, 98
Trd, 086100.767, 123
Trd, 086101.367, 131
Trd, 086101.383, 127
Trd, 086101.983, 122
Trd, 086102.050, 114
Trd, 086102.433, 110
Trd, 086102.683, 120
Trd, 086102.850, 112
Trd, 086102.983, 110
Trd, 086103.067, 119
Trd, 086103.150, 109
Trd, 086103.167, 108
Trd, 086103.667, 100
Trd, 086103.983, 101
Trd, 086104.000, 102
Trd, 086104.183, 115
Trd, 086104.367, 103
Trd, 086104.567, 98
Trd, 086104.883, 134
Trd, 086104.900, 103
Trd, 086104.933, 140
Trd, 086105.283, 119
Trd, 086105.300, 125
Trd, 086105.917, 107
Trd, 086106.067, 138
Trd, 086106.300, 129
Trd, 086106.483, 120
Trd, 086106.983, 122
Trd, 086107.217, 118
Trd, 086107.383, 136
Trd, 086107.633, 137
Trd, 086107.800, 117
Trd, 086108.450, 135
Trd, 086108.700, 122
Trd, 086108.717, 121
Trd, 086108.733, 119
Trd, 086108.800, 105
Trd, 086109.633, 140
Trd, 086110.233, 139
Trd, 086110.317, 128
Trd, 086110.733, 137
Trd, 086110.783, 130
Trd, 086111.167, 138
Trd, 086111.200, 137
Trd, 086111.467, 116
Trd, 086111.617, 137
Trd, 086111.700, 117
Trd, 086112.083, 117
Trd, 086112.383, 116
Trd, 086112.467, 121
Trd, 086112.483, 115
Trd, 086112.500, 133
Trd, 086112.583, 102
Trd, 086112.700, 91
Trd, 086113.000, 109
Trd, 086113.117, 82
Trd, 086113.233, 86
Trd, 086113.483, 82
Trd, 086113.500, 81
Trd, 086114.283, 130
Trd, 086114.350, 135
Trd, 086114.700, 139
Trd, 086115.233, 135
Trd, 086115.267, 131
Trd, 086115.283, 130
Trd, 086115.800, 119
Trd, 086116.000, 118
Trd, 086116.217, 139
Trd, 086116.317, 116
Trd, 086116.633, 106
Trd, 086116.767, 127
Trd, 086117.050, 138
Trd, 086117.517, 139
Trd, 086117.550, 133
Trd, 086117.583, 140
Trd, 086117.867, 129
Trd, 086118.667, 106
Trd, 086118.783, 106
Trd, 086118.883, 134
Trd, 086118.917, 102
Trd, 086119.650, 109
Trd, 086119.917, 114
Trd, 086120.217, 140
Trd, 086120.283, 130
Trd, 086120.517, 130
Trd, 086120.767, 129
Trd, 086120.800, 126
Trd, 086120.900, 120
Trd, 086121.517, 140
Trd, 086121.767, 139
Trd, 086122.017, 140
Trd, 086122.617, 140
Trd, 086122.700, 139
Trd, 086122.900, 139
Trd, 086122.967, 138
Trd, 086122.983, 124
Trd, 086123.700, 133
Trd, 086123.800, 131
Trd, 086123.850, 124
Trd, 086124.267, 120
Trd, 086124.400, 111
Trd, 086124.800, 119
Trd, 086125.017, 126
Trd, 086125.517, 117
Trd, 086125.533, 109
Trd, 086126.283, 117
Trd, 086126.367, 117
Trd, 086126.717, 118
Trd, 086127.033, 128
Trd, 086127.300, 135
Trd, 086127.400, 136
Trd, 086127.450, 119
Trd, 086128.300, 127
Trd, 086128.433, 139
Trd, 086128.750, 121
Trd, 086128.817, 120
Trd, 086129.100, 121
Trd, 086129.150, 120
Trd, 086129.550, 119
Trd, 086130.117, 136
Trd, 086130.250, 134
Trd, 086130.300, 132
Trd, 086130.417, 138
Trd, 086130.550, 135
Trd, 086130.683, 127
Trd, 086130.783, 112
Trd, 086131.033, 108
Trd, 086131.300, 136
Trd, 086132.000, 139
Trd, 086132.367, 133
Trd, 086132.400, 132
Trd, 086132.583, 103
Trd, 086132.683, 110
Trd, 086132.833, 136
Trd, 086132.933, 100
Trd, 086133.200, 129
Trd, 086133.283, 134
Trd, 086133.533, 140
Trd, 086133.733, 140
Trd, 086133.933, 115
Trd, 086134.083, 108
Trd, 086134.517, 127
Trd, 086134.567, 140
Trd, 086134.717, 121
Trd, 086135.483, 140
Trd, 086135.617, 112
Trd, 086135.733, 132
Trd, 086135.750, 124
Trd, 086135.783, 118
Trd, 086135.833, 117
Trd, 086136.117, 134
Trd, 086136.367, 116
Trd, 086137.067, 140
Trd, 086137.133, 120
Trd, 086137.317, 140
Trd, 086137.367, 119
Trd, 086137.867, 117
Trd, 086138.000, 112
Trd, 086138.300, 118
Trd, 086138.583, 111
Trd, 086138.933, 112
Trd, 086138.967, 113
Trd, 086139.033, 117
Trd, 086139.417, 138
Trd, 086139.500, 137
Trd, 086139.633, 136
Trd, 086139.700, 108
Trd, 086140.117, 131
Trd, 086140.167, 107
Trd, 086140.333, 132
Trd, 086140.467, 129
Trd, 086140.683, 138
Trd, 086140.783, 110
Trd, 086140.800, 100
Trd, 086141.417, 115
Trd, 086142.200, 116
Trd, 086142.400, 102
Trd, 086142.833, 122
Trd, 086142.950, 128
Trd, 086143.017, 114
Trd, 086143.517, 103
Trd, 086144.033, 109
Trd, 086144.300, 105
Trd, 086144.383, 104
Trd, 086144.450, 114
Trd, 086144.533, 118
Trd, 086144.583, 103
Trd, 086144.767, 98
Trd, 086144.900, 93
Trd, 086144.917, 92
Trd, 086144.967, 98
Trd, 086145.250, 118
Trd, 086145.333, 136
Trd, 086145.850, 135
Trd, 086146.333, 125
Trd, 086146.833, 125
Trd, 086146.867, 125
Trd, 086146.900, 124
Trd, 086147.167, 116
Trd, 086147.367, 117
Trd, 086147.867, 116
Trd, 086148.417, 102
Trd, 086148.517, 129
Trd, 086148.900, 103
Trd, 086149.150, 100
Trd, 086149.417, 109
Trd, 086149.450, 113
Trd, 086149.683, 128
Trd, 086149.783, 133
Trd, 086150.000, 115
Trd, 086150.500, 129
Trd, 086150.517, 111
Trd, 086151.150, 135
Trd, 086151.217, 100
Trd, 086151.250, 96
Trd, 086151.450, 138
Trd, 086151.950, 140
Trd, 086151.983, 138
Trd, 086152.367, 117
Trd, 086152.800, 127
Trd, 086152.933, 121
Trd, 086153.467, 136
Trd, 086153.550, 105
Trd, 086153.600, 104
Trd, 086153.817, 118
Trd, 086154.017, 126
Trd, 086154.500, 123
Trd, 086154.750, 122
Trd, 086154.983, 137
Trd, 086155.217, 133
Trd, 086155.283, 133
Trd, 086155.417, 140
Trd, 086155.850, 140
Trd, 086155.883, 133
Trd, 086155.900, 129
Trd, 086156.067, 128
Trd, 086156.433, 135
Trd, 086156.950, 137
Trd, 086157.033, 137
Trd, 086157.250, 133
Trd, 086157.283, 140
Trd, 086157.683, 132
Trd, 086157.800, 107
Trd, 086158.467, 110
Trd, 086158.733, 128
Trd, 086158.750, 127
Trd, 086158.883, 106
Trd, 086158.983, 105
Trd, 086159.067, 112
Trd, 086159.333, 127
Trd, 086159.517, 101
Trd, 086159.633, 95
Trd, 086159.700, 127
Trd, 086159.817, 137
Trd, 086160.067, 91
Trd, 086160.283, 118
Trd, 086160.767, 138
Trd, 086161.817, 136
Trd, 086161.950, 134
Trd, 086162.133, 134
Trd, 086162.317, 135
Trd, 086162.483, 140
Trd, 086162.600, 134
Trd, 086162.750, 134
Trd, 086162.983, 136
Trd, 086163.067, 133
Trd, 086163.100, 130
Trd, 086163.150, 127
Trd, 086163.433, 100
Trd, 086163.483, 109
Trd, 086163.800, 132
Trd, 086163.967, 123
Trd, 086164.017, 117
Trd, 086164.850, 119
Trd, 086165.133, 136
Trd, 086165.183, 107
Trd, 086165.333, 135
Trd, 086165.717, 137
Trd, 086166.250, 137
Trd, 086166.483, 136
Trd, 086166.583, 124
Trd, 086166.650, 122
Trd, 086167.117, 104
Trd, 086167.183, 96
Trd, 086167.633, 118
Trd, 086167.733, 136
Trd, 086167.917, 135
Trd, 086168.050, 126
Trd, 086168.300, 125
Trd, 086169.067, 140
Trd, 086169.083, 132
Trd, 086169.133, 118
Trd, 086169.250, 87
Trd, 086169.350, 121
Trd, 086169.617, 134
Trd, 086170.367, 136
Trd, 086170.517, 140
Trd, 086170.617, 135
Trd, 086170.850, 120
Trd, 086171.467, 140
Trd, 086171.717, 120
Trd, 086171.967, 140
Trd, 086172.150, 119
Trd, 086172.167, 112
Trd, 086172.183, 102
Trd, 086172.200, 138
Trd, 086172.250, 140
Trd, 086172.383, 101
Trd, 086172.783, 120
Trd, 086172.867, 129
Trd, 086173.217, 107
Trd, 086173.283, 98
Trd, 086173.717, 116
Trd, 086174.300, 118
Trd, 086174.383, 131
Trd, 086174.517, 111
Trd, 086174.617, 136
Trd, 086174.867, 128
Trd, 086175.017, 128
Trd, 086175.917, 140
Trd, 086176.167, 140
Trd, 086176.283, 139
Trd, 086176.633, 122
Trd, 086176.917, 138
Trd, 086177.583, 134
Trd, 086177.683, 127
Trd, 086177.917, 108
Trd, 086177.967, 89
Trd, 086178.417, 117
Trd, 086178.967, 118
Trd, 086179.133, 110
Trd, 086180.017, 140
Trd, 086180.117, 140
Trd, 086180.150, 140
Trd, 086180.267, 140
Trd, 086180.350, 139
Trd, 086180.517, 140
Trd, 086180.533, 139
Trd, 086180.583, 133
Trd, 086180.683, 118
Trd, 086180.817, 132
Trd, 086180.950, 140
Trd, 086181.400, 130
Trd, 086181.500, 127
Trd, 086181.783, 128
Trd, 086182.117, 113
Trd, 086182.250, 112
Trd, 086182.667, 101
Trd, 086182.683, 120
Trd, 086182.933, 114
Trd, 086183.683, 139
Trd, 086184.300, 140
Trd, 086184.667, 140
Trd, 086184.917, 140
Trd, 086185.333, 140
Trd, 086185.350, 140
Trd, 086185.533, 139
Trd, 086185.867, 139
Trd, 086186.183, 140
Trd, 086186.200, 140
Trd, 086186.617, 139
Trd, 086186.733, 139
Trd, 086186.967, 131
Trd, 086187.183, 138
Trd, 086187.333, 129
Trd, 086187.483, 128
Trd, 086187.500, 122
Trd, 086187.817, 138
Trd, 086188.450, 135
Trd, 086188.767, 140
Trd, 086189.650, 130
Trd, 086189.950, 131
Trd, 086190.100, 130
Trd, 086190.167, 140
Trd, 086190.250, 131
Trd, 086190.717, 118
Trd, 086190.767, 108
Trd, 086190.900, 133
Trd, 086191.067, 109
Trd, 086191.317, 108
Trd, 086191.333, 89
Trd, 086191.367, 88
Trd, 086191.683, 87
Trd, 086191.983, 93
Trd, 086192.183, 98
Trd, 086192.450, 90
Trd, 086192.483, 87
Trd, 086192.500, 91
Trd, 086192.617, 99
Trd, 086193.167, 110
Trd, 086193.183, 114
Trd, 086193.333, 94
Trd, 086193.450, 123
Trd, 086193.867, 112
Trd, 086193.933, 109
Trd, 086195.150, 140
Trd, 086195.167, 140
Trd, 086195.200, 140
Trd, 086195.583, 140
Trd, 086195.600, 139
Trd, 086195.883, 139
Trd, 086195.933, 136
Trd, 086196.117, 120
Trd, 086196.450, 121
Trd, 086196.583, 113
Trd, 086197.633, 138
Trd, 086197.800, 139
Trd, 086197.900, 139
Trd, 086197.933, 138
Trd, 086198.067, 135
Trd, 086198.117, 117
Trd, 086198.317, 112
Trd, 086198.567, 116
Trd, 086198.833, 126
Trd, 086198.883, 108
Trd, 086199.000, 126
Trd, 086199.033, 127
Trd, 086199.050, 102
Trd, 086199.767, 139
Trd, 086200.533, 133
Trd, 086200.567, 132
Trd, 086201.067, 131
Trd, 086201.133, 122
Trd, 086201.417, 121
Trd, 086201.517, 124
Trd, 086201.700, 118
Trd, 086201.733, 135
Trd, 086201.767, 138
Trd, 086202.017, 132
Trd, 086202.517, 135
Trd, 086202.867, 136
Trd, 086202.933, 138
Trd, 086203.150, 136
Trd, 086203.167, 135
Trd, 086203.250, 132
Trd, 086203.333, 110
Trd, 086203.550, 133
Trd, 086203.983, 130
Trd, 086204.017, 112
Trd, 086204.850, 139
Trd, 086204.917, 133
Trd, 086205.067, 129
Trd, 086205.100, 114
Trd, 086205.333, 136
Trd, 086205.500, 135
Trd, 086205.667, 112
Trd, 086205.733, 116
Trd, 086205.850, 110
Trd, 086206.083, 127
Trd, 086206.350, 121
Trd, 086206.967, 115
Trd, 086207.250, 123
Trd, 086207.400, 131
Trd, 086207.417, 114
Trd, 086207.617, 116
Trd, 086207.817, 121
Trd, 086207.867, 120
Trd, 086208.083, 140
Trd, 086208.917, 140
Trd, 086208.950, 140
Trd, 086209.533, 139
Trd, 086209.617, 134
Trd, 086209.967, 126
Trd, 086210.867, 140
Trd, 086210.900, 140
Trd, 086210.950, 140
Trd, 086210.983, 139
Trd, 086211.467, 140
Trd, 086211.550, 139
Trd, 086211.650, 140
Trd, 086211.700, 122
Trd, 086211.783, 117
Trd, 086211.817, 104
Trd, 086212.350, 127
Trd, 086212.400, 123
Trd, 086212.917, 133
Trd, 086213.383, 125
Trd, 086213.767, 109
Trd, 086213.867, 109
Trd, 086213.967, 106
Trd, 086214.100, 116
Trd, 086214.233, 118
Trd, 086214.317, 112
Trd, 086214.333, 124
Trd, 086214.583, 110
Trd, 086214.617, 111
Trd, 086214.717, 110
Trd, 086214.917, 108
Trd, 086215.017, 136
Trd, 086215.633, 140
Trd, 086215.700, 126
Trd, 086215.883, 125
Trd, 086216.067, 124
Trd, 086216.250, 122
Trd, 086216.417, 133
Trd, 086216.550, 132
Trd, 086216.567, 108
Trd, 086216.750, 122
Trd, 086217.117, 140
Trd, 086217.450, 123
Trd, 086218.100, 140
Trd, 086218.350, 140
Trd, 086218.533, 140
Trd, 086219.033, 140
Trd, 086219.133, 140
Trd, 086219.417, 139
Trd, 086220.167, 137
Trd, 086220.233, 127
Trd, 086220.267, 127
Trd, 086220.617, 132
Trd, 086220.950, 123
Trd, 086221.033, 114
Trd, 086221.200, 124
Trd, 086222.100, 128
Trd, 086222.367, 135
Trd, 086222.550, 119
Trd, 086222.717, 117
Trd, 086222.983, 116
Trd, 086223.183, 102
Trd, 086223.217, 84
Trd, 086223.833, 130
Trd, 086225.033, 132
Trd, 086225.050, 131
Trd, 086225.100, 128
Trd, 086225.383, 133
Trd, 086225.483, 112
Trd, 086225.667, 113
Trd, 086225.750, 122
Trd, 086226.033, 137
Trd, 086226.183, 140
Trd, 086226.550, 140
Trd, 086226.900, 140
Trd, 086227.400, 140
Trd, 086227.417, 139
Trd, 086227.917, 123
Trd, 086228.083, 122
Trd, 086228.250, 122
Trd, 086228.317, 118
Trd, 086228.450, 114
Trd, 086228.600, 133
Trd, 086228.833, 111
Trd, 086229.067, 112
Trd, 086229.333, 124
Trd, 086229.650, 119
Trd, 086230.433, 120
Trd, 086230.450, 128
Trd, 086230.550, 110
Trd, 086230.683, 102
Trd, 086230.783, 126
Trd, 086231.117, 134
Trd, 086231.250, 116
Trd, 086231.433, 105
Trd, 086232.783, 140
Trd, 086233.000, 140
Trd, 086233.100, 140
Trd, 086233.300, 140
Trd, 086233.383, 140
Trd, 086233.783, 140
Trd, 086233.800, 140
Trd, 086233.817, 138
Trd, 086234.000, 140
Trd, 086234.283, 137
Trd, 086234.550, 139
Trd, 086234.800, 140
Trd, 086234.833, 137
Trd, 086235.617, 140
Trd, 086235.633, 139
Trd, 086235.700, 138
Trd, 086236.017, 124
Trd, 086236.567, 125
Trd, 086237.117, 104
Trd, 086237.350, 107
Trd, 086237.500, 104
Trd, 086237.617, 138
Trd, 086237.700, 137
Trd, 086237.917, 113
Trd, 086238.017, 100
Trd, 086238.467, 139
Trd, 086238.933, 140
Trd, 086238.950, 100
Trd, 086239.050, 99
Trd, 086239.317, 138
Trd, 086239.850, 125
Trd, 086240.600, 125
Trd, 086240.733, 126
Trd, 086240.833, 125
Trd, 086241.267, 140
Trd, 086241.383, 140
Trd, 086241.950, 140
Trd, 086242.033, 139
Trd, 086242.200, 123
Trd, 086242.300, 106
Trd, 086242.333, 102
Trd, 086242.617, 138
Trd, 086242.733, 125
Trd, 086242.767, 118
Trd, 086242.833, 108
Trd, 086243.000, 140
Trd, 086243.483, 139
Trd, 086243.867, 140
Trd, 086244.017, 135
Trd, 086244.050, 121
Trd, 086244.200, 115
Trd, 086244.567, 130
Trd, 086244.683, 122
Trd, 086244.833, 95
Trd, 086244.900, 93
Trd, 086245.000, 89
Trd, 086245.483, 137
Trd, 086245.617, 136
Trd, 086245.917, 130
Trd, 086246.167, 135
Trd, 086246.217, 130
Trd, 086246.250, 126
Trd, 086247.317, 111
Trd, 086247.533, 102
Trd, 086247.567, 101
Trd, 086247.867, 135
Trd, 086248.150, 133
Trd, 086248.167, 131
Trd, 086248.483, 126
Trd, 086248.500, 119
Trd, 086248.700, 140
Trd, 086248.883, 92
Trd, 086249.417, 140
Trd, 086249.667, 138
Trd, 086250.067, 132
Trd, 086250.367, 122
Trd, 086250.833, 100
Trd, 086250.867, 123
Trd, 086250.933, 138
Trd, 086250.983, 99
Trd, 086251.300, 104
Trd, 086251.633, 138
Trd, 086251.767, 140
Trd, 086252.033, 140
Trd, 086252.100, 137
Trd, 086252.500, 137
Trd, 086252.667, 120
Trd, 086252.933, 115
Trd, 086253.133, 131
Trd, 086253.433, 135
Trd, 086254.267, 140
Trd, 086254.433, 140
Trd, 086254.450, 140
Trd, 086254.483, 139
Trd, 086255.067, 139
Trd, 086255.083, 123
Trd, 086255.500, 137
Trd, 086255.683, 122
Trd, 086256.000, 128
Trd, 086256.350, 122
Trd, 086256.683, 129
Trd, 086256.850, 123
Trd, 086257.017, 124
Trd, 086257.283, 115
Trd, 086257.517, 108
Trd, 086257.867, 99
Trd, 086257.967, 139
Trd, 086258.083, 119
Trd, 086258.550, 108
Trd, 086258.700, 116
Trd, 086259.267, 108
Trd, 086259.583, 123
Trd, 086259.700, 111
Trd, 086260.283, 129
Trd, 086260.467, 112
Trd, 086260.700, 123
Trd, 086260.717, 111
Trd, 086260.967, 140
Trd, 086261.617, 138
Trd, 086261.650, 116
Trd, 086261.933, 131
Trd, 086262.017, 137
Trd, 086262.083, 130
Trd, 086262.283, 139
Trd, 086262.567, 138
Trd, 086262.633, 132
Trd, 086263.200, 140
Trd, 086263.300, 139
Trd, 086263.317, 139
Trd, 086263.517, 130
Trd, 086263.817, 139
Trd, 086263.917, 107
Trd, 086264.367, 139
Trd, 086264.483, 115
Trd, 086264.683, 116
Trd, 086265.050, 136
Trd, 086265.233, 115
Trd, 086266.017, 140
Trd, 086266.217, 128
Trd, 086266.767, 140
Trd, 086266.817, 140
Trd, 086267.150, 139
Trd, 086267.267, 137
Trd, 086267.567, 136
Trd, 086267.617, 126
Trd, 086267.800, 124
Trd, 086268.050, 135
Trd, 086268.200, 94
Trd, 086268.283, 84
Trd, 086268.817, 132
Trd, 086269.050, 127
Trd, 086269.750, 138
Trd, 086269.833, 136
Trd, 086269.933, 135
Trd, 086269.950, 134
Trd, 086270.950, 140
Trd, 086271.167, 140
Trd, 086271.533, 139
Trd, 086271.650, 138
Trd, 086271.800, 133
Trd, 086271.933, 132
Trd, 086272.233, 117
Trd, 086272.767, 137
Trd, 086272.933, 136
Trd, 086273.433, 140
Trd, 086273.533, 133
Trd, 086273.550, 130
Trd, 086273.950, 131
Trd, 086274.017, 138
Trd, 086274.433, 135
Trd, 086274.533, 134
Trd, 086274.550, 121
Trd, 086274.717, 138
Trd, 086274.783, 140
Trd, 086274.917, 130
Trd, 086275.533, 117
Trd, 086275.667, 115
Trd, 086275.733, 118
Trd, 086276.100, 140
Trd, 086276.433, 140
Trd, 086277.167, 137
Trd, 086277.267, 140
Trd, 086278.733, 140
Trd, 086278.883, 129
Trd, 086279.100, 139
Trd, 086279.200, 139
Trd, 086279.250, 111
Trd, 086279.267, 110
Trd, 086279.550, 130
Trd, 086279.683, 139
Trd, 086280.533, 126
Trd, 086280.983, 124
Trd, 086281.017, 123
Trd, 086281.083, 118
Trd, 086281.167, 112
Trd, 086281.367, 114
Trd, 086281.867, 115
Trd, 086282.450, 134
Trd, 086282.500, 133
Trd, 086282.650, 138
Trd, 086282.683, 139
Trd, 086282.700, 132
Trd, 086283.000, 124
Trd, 086283.200, 124
Trd, 086283.333, 123
Trd, 086283.900, 140
Trd, 086283.933, 123
Trd, 086284.317, 118
Trd, 086284.433, 111
Trd, 086284.683, 132
Trd, 086285.200, 134
Trd, 086285.500, 132
Trd, 086285.867, 132
Trd, 086286.100, 118
Trd, 086286.300, 135
Trd, 086286.567, 139
Trd, 086286.750, 138
Trd, 086286.983, 125
Trd, 086287.167, 113
Trd, 086287.283, 128
Trd, 086287.483, 135
Trd, 086287.700, 129
Trd, 086287.983, 137
Trd, 086288.017, 126
Trd, 086288.283, 125
Trd, 086288.450, 124
Trd, 086288.467, 112
Trd, 086289.083, 140
Trd, 086289.133, 139
Trd, 086289.333, 140
Trd, 086289.500, 138
Trd, 086289.600, 105
Trd, 086289.733, 122
Trd, 086290.017, 103
Trd, 086290.267, 115
Trd, 086291.017, 99
Trd, 086291.250, 133
Trd, 086291.333, 99
Trd, 086291.400, 132
Trd, 086291.700, 129
Trd, 086291.833, 137
Trd, 086291.917, 116
Trd, 086292.100, 118
Trd, 086292.250, 115
Trd, 086292.850, 140
Trd, 086293.283, 140
Trd, 086293.500, 140
Trd, 086294.050, 140
Trd, 086294.383, 138
Trd, 086294.483, 136
Trd, 086294.567, 131
Trd, 086294.767, 127
Trd, 086295.217, 138
Trd, 086295.417, 139
Trd, 086295.467, 136
Trd, 086295.717, 137
Trd, 086295.783, 127
Trd, 086295.833, 122
Trd, 086295.950, 120
Trd, 086296.050, 110
Trd, 086297.067, 130
Trd, 086297.100, 107
Trd, 086297.350, 139
Trd, 086297.833, 116
Trd, 086298.333, 140
Trd, 086298.417, 140
Trd, 086298.800, 140
Trd, 086298.850, 108
Trd, 086299.217, 138
Trd, 086299.283, 133
Trd, 086299.700, 140
Trd, 086300.050, 134
Trd, 086300.150, 133
Trd, 086300.217, 118
Trd, 086300.500, 140
Trd, 086300.733, 120
Trd, 086301.067, 118
Trd, 086301.500, 121
Trd, 086301.917, 127
Trd, 086301.983, 127
Trd, 086302.100, 127
Trd, 086302.367, 129
Trd, 086302.800, 125
Trd, 086302.833, 132
Trd, 086302.933, 140
Trd, 086303.200, 131
Trd, 086303.767, 105
Trd, 086303.783, 101
Trd, 086303.967, 108
Trd, 086304.000, 69
Trd, 086304.983, 133
Trd, 086305.250, 140
Trd, 086305.400, 140
Trd, 086305.517, 140
Trd, 086305.633, 140
Trd, 086305.900, 140
Trd, 086306.117, 140
Trd, 086306.400, 137
Trd, 086306.517, 140
Trd, 086306.783, 128
Trd, 086307.133, 130
Trd, 086307.183, 128
Trd, 086307.250, 139
Trd, 086307.683, 134
Trd, 086307.833, 130
Trd, 086308.167, 130
Trd, 086308.450, 129
Trd, 086308.533, 124
Trd, 086309.500, 103
Trd, 086309.550, 130
Trd, 086309.617, 119
Trd, 086309.867, 114
Trd, 086310.033, 100
Trd, 086310.050, 99
Trd, 086310.417, 128
Trd, 086310.583, 133
Trd, 086310.667, 118
Trd, 086311.133, 124
Trd, 086311.300, 119
Trd, 086311.367, 135
Trd, 086311.700, 121
Trd, 086311.900, 136
Trd, 086312.300, 137
Trd, 086312.633, 123
Trd, 086312.767, 132
Trd, 086312.867, 122
Trd, 086313.533, 131
Trd, 086313.917, 123
Trd, 086313.983, 107
Trd, 086314.100, 116
Trd, 086314.367, 105
Trd, 086314.383, 103
Trd, 086314.483, 87
Trd, 086314.733, 137
Trd, 086314.833, 136
Trd, 086315.267, 85
Trd, 086315.400, 103
Trd, 086315.433, 92
Trd, 086315.550, 125
Trd, 086315.683, 83
Trd, 086315.867, 136
Trd, 086316.033, 82
Trd, 086316.050, 77
Trd, 086316.550, 105
Trd, 086316.633, 91
Trd, 086316.667, 90
Trd, 086316.683, 103
Trd, 086316.700, 84
Trd, 086317.183, 140
Trd, 086318.083, 119
Trd, 086318.217, 134
Trd, 086318.233, 115
Trd, 086318.800, 140
Trd, 086318.867, 140
Trd, 086319.517, 127
Trd, 086319.617, 115
Trd, 086319.733, 114
Trd, 086319.817, 112
Trd, 086320.267, 138
Trd, 086320.617, 134
Trd, 086320.700, 132
Trd, 086320.933, 132
Trd, 086321.000, 131
Trd, 086321.600, 139
Trd, 086321.633, 139
Trd, 086321.817, 139
Trd, 086321.883, 132
Trd, 086322.350, 128
Trd, 086322.367, 126
Trd, 086322.433, 107
Trd, 086322.583, 129
Trd, 086322.883, 98
Trd, 086323.083, 83
Trd, 086323.183, 134
Trd, 086323.417, 112
Trd, 086323.750, 104
Trd, 086324.050, 89
Trd, 086324.550, 129
Trd, 086324.633, 121
Trd, 086324.717, 139
Trd, 086325.417, 140
Trd, 086325.567, 140
Trd, 086325.950, 140
Trd, 086326.467, 140
Trd, 086326.633, 140
Trd, 086326.867, 140
Trd, 086326.933, 140
Trd, 086327.017, 139
Trd, 086327.033, 129
Trd, 086328.150, 140
Trd, 086328.417, 139
Trd, 086328.767, 128
Trd, 086329.133, 137
Trd, 086329.217, 129
Trd, 086329.383, 140
Trd, 086329.483, 139
Trd, 086329.583, 127
Trd, 086329.783, 126
Trd, 086329.933, 140
Trd, 086330.267, 125
Trd, 086330.750, 128
Trd, 086330.983, 128
Trd, 086331.050, 127
Trd, 086331.117, 128
Trd, 086331.350, 126
Trd, 086331.633, 124
Trd, 086331.900, 116
Trd, 086331.917, 121
Trd, 086331.967, 115
Trd, 086332.050, 114
Trd, 086332.350, 106
Trd, 086332.400, 107
Trd, 086332.483, 104
Trd, 086332.850, 112
Trd, 086333.150, 126
Trd, 086333.717, 127
Trd, 086334.483, 134
Trd, 086334.617, 129
Trd, 086334.783, 128
Trd, 086334.900, 111
Trd, 086335.317, 116
Trd, 086335.600, 136
Trd, 086335.650, 114
Trd, 086335.683, 101
Trd, 086336.017, 136
Trd, 086336.100, 95
Trd, 086336.417, 139
Trd, 086336.883, 137
Trd, 086336.967, 138
Trd, 086337.150, 117
Trd, 086337.400, 111
Trd, 086337.450, 105
Trd, 086337.817, 110
Trd, 086337.850, 114
Trd, 086338.350, 106
Trd, 086338.517, 118
Trd, 086338.567, 122
Trd, 086338.833, 115
Trd, 086339.167, 134
Trd, 086339.417, 116
Trd, 086339.567, 118
Trd, 086339.633, 116
Trd, 086339.667, 139
Trd, 086339.783, 124
Trd, 086339.883, 128
Trd, 086340.033, 127
Trd, 086340.050, 126
Trd, 086340.383, 125
Trd, 086341.333, 140
Trd, 086341.500, 140
Trd, 086341.633, 140
Trd, 086341.850, 139
Trd, 086341.917, 139
Trd, 086342.050, 131
Trd, 086342.267, 110
Trd, 086342.533, 103
Trd, 086343.017, 102
Trd, 086343.083, 91
Trd, 086343.150, 82
Trd, 086343.317, 75
Trd, 086343.417, 112
Trd, 086343.517, 113
Trd, 086343.917, 71
Trd, 086344.017, 89
Trd, 086344.500, 106
Trd, 086344.700, 140
Trd, 086344.900, 122
Trd, 086344.917, 75
Trd, 086345.067, 92
Trd, 086345.600, 72
Trd, 086345.700, 77
Trd, 086345.933, 140
Trd, 086346.117, 140
Trd, 086346.133, 139
Trd, 086346.833, 140
Trd, 086347.333, 111
Trd, 086347.567, 111
Trd, 086347.750, 114
Trd, 086348.267, 115
Trd, 086348.483, 115
Trd, 086348.517, 120
Trd, 086348.533, 121
Trd, 086349.283, 131
Trd, 086349.467, 129
Trd, 086349.533, 128
Trd, 086349.550, 127
Trd, 086350.283, 138
Trd, 086350.367, 137
Trd, 086350.383, 122
Trd, 086350.550, 114
Trd, 086350.850, 122
Trd, 086350.967, 113
Trd, 086350.983, 133
Trd, 086351.150, 123
Trd, 086351.200, 113
Trd, 086351.467, 140
Trd, 086351.700, 139
Trd, 086351.933, 136
Trd, 086352.517, 99
Trd, 086352.783, 107
Trd, 086353.317, 140
Trd, 086353.633, 140
Trd, 086353.667, 140
Trd, 086354.183, 140
Trd, 086354.267, 140
Trd, 086355.133, 140
Trd, 086355.567, 139
Trd, 086355.617, 138
Trd, 086356.133, 136
Trd, 086356.167, 133
Trd, 086356.717, 138
Trd, 086357.017, 105
Trd, 086357.433, 106
Trd, 086357.467, 110
Trd, 086357.733, 105
Trd, 086357.767, 104
Trd, 086357.967, 103
Trd, 086358.083, 93
Trd, 086358.267, 108
Trd, 086358.333, 109
Trd, 086358.417, 110
Trd, 086358.767, 123
Trd, 086358.950, 137
Trd, 086358.967, 112
Trd, 086359.650, 121
Trd, 086359.683, 121
Trd, 086359.867, 120
Trd, 086360.000, 111
Trd, 086360.217, 138
Trd, 086360.383, 131
Trd, 086360.683, 120
Trd, 086360.967, 127
Trd, 086361.150, 109
Trd, 086361.233, 104
Trd, 086361.400, 111
Trd, 086361.917, 127
Trd, 086362.250, 139
Trd, 086362.700, 115
Trd, 086363.100, 106
Trd, 086363.117, 105
Trd, 086363.883, 123
Trd, 086363.933, 122
Trd, 086364.050, 121
Trd, 086364.233, 138
Trd, 086364.467, 137
Trd, 086364.550, 107
Trd, 086364.750, 135
Trd, 086364.933, 121
Trd, 086365.317, 140
Trd, 086365.467, 140
Trd, 086365.533, 140
Trd, 086365.767, 140
Trd, 086366.317, 140
Trd, 086366.417, 140
Trd, 086366.433, 127
Trd, 086366.750, 116
Trd, 086367.133, 129
Trd, 086367.433, 108
Trd, 086367.600, 100
Trd, 086368.017, 139
Trd, 086368.467, 133
Trd, 086368.667, 125
Trd, 086368.967, 131
Trd, 086369.250, 125
Trd, 086369.667, 130
Trd, 086369.833, 112
Trd, 086369.983, 111
Trd, 086370.300, 124
Trd, 086370.400, 130
Trd, 086370.600, 108
Trd, 086370.733, 102
Trd, 086370.833, 101
Trd, 086371.267, 99
Trd, 086371.467, 109
Trd, 086371.517, 110
Trd, 086371.533, 111
Trd, 086371.667, 101
Trd, 086371.700, 122
Trd, 086371.883, 138
Trd, 086372.217, 124
Trd, 086372.550, 114
Trd, 086372.617, 107
Trd, 086372.783, 110
Trd, 086372.883, 124
Trd, 086372.950, 112
Trd, 086373.250, 102
Trd, 086373.283, 101
Trd, 086373.417, 99
Trd, 086373.500, 127
Trd, 086373.983, 139
Trd, 086374.033, 137
Trd, 086374.133, 117
Trd, 086374.317, 108
Trd, 086374.550, 99
Trd, 086375.100, 86
Trd, 086375.283, 91
Trd, 086375.517, 82
Trd, 086376.383, 104
Trd, 086376.633, 128
Trd, 086376.850, 96
Trd, 086377.067, 103
Trd, 086377.600, 118
Trd, 086377.700, 117
Trd, 086378.017, 117
Trd, 086378.583, 140
Trd, 086378.650, 122
Trd, 086378.933, 121
Trd, 086379.117, 128
Trd, 086379.417, 140
Trd, 086379.567, 139
Trd, 086379.650, 100
Trd, 086380.133, 140
Trd, 086380.400, 136
Trd, 086380.467, 98
Trd, 086380.750, 94
Trd, 086381.217, 140
Trd, 086381.433, 138
Trd, 086381.467, 136
Trd, 086382.417, 140
Trd, 086382.433, 138
Trd, 086382.517, 138
Trd, 086382.617, 138
Trd, 086382.717, 123
Trd, 086383.200, 140
Trd, 086383.233, 139
Trd, 086383.350, 124
Trd, 086383.433, 122
Trd, 086383.667, 133
Trd, 086383.683, 108
Trd, 086383.800, 101
Trd, 086384.083, 140
Trd, 086384.233, 139
Trd, 086384.317, 122
Trd, 086384.767, 140
Trd, 086384.783, 140
Trd, 086385.133, 139
Trd, 086385.467, 134
Trd, 086385.667, 130
Trd, 086385.917, 123
Trd, 086386.033, 122
Trd, 086386.150, 133
Trd, 086386.400, 109
Trd, 086386.717, 130
Trd, 086386.933, 133
Trd, 086387.183, 126
Trd, 086387.317, 96
Trd, 086387.533, 94
Trd, 086387.583, 136
Trd, 086387.750, 104
Trd, 086387.867, 120
Trd, 086388.317, 140
Trd, 086388.800, 140
Trd, 086388.867, 139
Trd, 086389.117, 140
Trd, 086389.700, 138
Trd, 086389.817, 134
Trd, 086390.300, 126
Trd, 086390.333, 122
Trd, 086390.350, 109
Trd, 086390.367, 107
Trd, 086390.633, 105
Trd, 086390.867, 120
Trd, 086392.083, 140
Trd, 086392.267, 140
Trd, 086392.333, 140
Trd, 086392.417, 140
Trd, 086392.850, 138
Trd, 086393.083, 136
Trd, 086393.117, 122
Trd, 086393.183, 118
Trd, 086393.533, 131
Trd, 086393.667, 130
Trd, 086393.733, 130
Trd, 086394.383, 130
Trd, 086394.933, 127
Trd, 086394.967, 126
Trd, 086395.517, 136
Trd, 086395.550, 139
Trd, 086395.967, 140
Trd, 086396.200, 140
Trd, 086396.217, 137
Trd, 086396.800, 138
Trd, 086397.183, 129
Trd, 086397.267, 128
Trd, 086397.433, 129
Trd, 086397.517, 139
Trd, 086397.700, 128
Trd, 086397.817, 130
Trd, 086397.983, 107
Trd, 086398.033, 100
Trd, 086398.150, 97
Trd, 086398.717, 138
Trd, 086399.083, 139
Trd, 086399.783, 129
