Trd, 603058.500, 122
Trd, 603058.833, 146
Trd, 603059.542, 110
Trd, 603060.583, 118
Trd, 603062.250, 122
Trd, 603062.458, 115
Trd, 603063.750, 119
Trd, 603063.917, 127
Trd, 603064.333, 134
Trd, 603066.708, 150
Trd, 603067.917, 118
Trd, 603068.500, 136
Trd, 603069.042, 122
Trd, 603070.333, 121
Trd, 603072.583, 120
Trd, 603072.625, 121
Trd, 603073.417, 114
Trd, 603074.125, 121
Trd, 603074.667, 122
Trd, 603074.708, 124
Trd, 603075.833, 170
Trd, 603077.625, 139
Trd, 603079.375, 132
Trd, 603079.542, 133
Trd, 603079.667, 145
Trd, 603080.250, 118
Trd, 603080.583, 139
Trd, 603080.750, 118
Trd, 603082.000, 119
Trd, 603084.125, 121
Trd, 603085.375, 120
Trd, 603086.333, 143
Trd, 603087.500, 121
Trd, 603087.667, 133
Trd, 603088.208, 119
Trd, 603088.917, 123
Trd, 603089.333, 123
Trd, 603092.083, 117
Trd, 603092.333, 119
Trd, 603093.125, 120
Trd, 603093.500, 122
Trd, 603093.792, 151
Trd, 603094.792, 144
Trd, 603096.417, 128
Trd, 603097.750, 126
Trd, 603098.375, 140
Trd, 603099.000, 123
Trd, 603099.458, 119
Trd, 603100.542, 142
Trd, 603102.583, 119
Trd, 603102.708, 126
Trd, 603103.083, 143
Trd, 603104.833, 120
Trd, 603106.750, 110
Trd, 603107.042, 120
Trd, 603107.792, 119
Trd, 603108.167, 144
Trd, 603108.292, 115
Trd, 603109.042, 107
Trd, 603109.500, 113
Trd, 603109.875, 149
Trd, 603111.500, 120
Trd, 603112.250, 122
Trd, 603112.667, 143
Trd, 603114.958, 110
Trd, 603115.625, 110
Trd, 603116.167, 122
Trd, 603116.625, 108
Trd, 603117.333, 119
Trd, 603119.125, 127
Trd, 603120.292, 107
Trd, 603122.250, 109
Trd, 603123.000, 115
Trd, 603123.500, 123
Trd, 603124.292, 141
Trd, 603124.583, 133
Trd, 603125.250, 118
Trd, 603126.583, 138
Trd, 603127.583, 144
Trd, 603127.958, 139
Trd, 603128.250, 133
Trd, 603129.625, 151
Trd, 603129.750, 133
Trd, 603130.958, 118
Trd, 603132.333, 162
Trd, 603134.667, 125
Trd, 603135.708, 136
Trd, 603135.833, 125
Trd, 603136.083, 124
Trd, 603137.167, 137
Trd, 603139.375, 120
Trd, 603139.833, 119
Trd, 603140.042, 146
Trd, 603141.750, 122
Trd, 603142.458, 146
Trd, 603143.167, 149
Trd, 603143.208, 111
Trd, 603143.708, 110
Trd, 603145.958, 134
Trd, 603146.708, 134
Trd, 603147.583, 133
Trd, 603148.667, 112
Trd, 603149.333, 120
Trd, 603149.417, 113
Trd, 603151.042, 125
Trd, 603151.250, 125
Trd, 603152.417, 117
Trd, 603153.292, 124
Trd, 603154.458, 155
Trd, 603155.708, 120
Trd, 603157.042, 110
Trd, 603158.750, 111
Trd, 603159.167, 122
Trd, 603160.500, 118
Trd, 603160.708, 119
Trd, 603162.708, 133
Trd, 603163.125, 124
Trd, 603164.000, 134
Trd, 603164.208, 122
Trd, 603165.000, 128
Trd, 603165.458, 111
Trd, 603165.625, 144
Trd, 603167.208, 143
Trd, 603167.958, 122
Trd, 603168.333, 113
Trd, 603169.583, 120
Trd, 603171.125, 134
Trd, 603171.292, 127
Trd, 603172.167, 123
Trd, 603173.167, 123
Trd, 603173.333, 110
Trd, 603175.583, 115
Trd, 603177.208, 115
Trd, 603177.750, 117
Trd, 603178.125, 110
Trd, 603179.042, 112
Trd, 603179.292, 121
Trd, 603179.375, 143
Trd, 603180.542, 134
Trd, 603183.417, 139
Trd, 603185.375, 123
Trd, 603185.583, 111
Trd, 603186.208, 111
Trd, 603187.375, 129
Trd, 603188.458, 134
Trd, 603188.667, 147
Trd, 603189.583, 151
Trd, 603190.125, 121
Trd, 603190.500, 117
Trd, 603193.958, 118
Trd, 603195.208, 115
Trd, 603195.958, 114
Trd, 603196.917, 115
Trd, 603197.250, 111
Trd, 603199.083, 137
Trd, 603200.833, 136
Trd, 603201.208, 134
Trd, 603201.458, 133
Trd, 603205.083, 129
Trd, 603205.250, 128
Trd, 603206.000, 129
Trd, 603207.708, 121
Trd, 603208.667, 136
Trd, 603209.000, 113
Trd, 603209.708, 140
Trd, 603210.542, 141
Trd, 603213.083, 123
Trd, 603213.750, 136
Trd, 603213.958, 146
Trd, 603215.167, 133
Trd, 603215.750, 129
Trd, 603219.333, 142
Trd, 603221.292, 133
Trd, 603222.250, 133
Trd, 603223.000, 111
Trd, 603223.250, 130
Trd, 603224.375, 110
Trd, 603226.542, 119
Trd, 603227.083, 130
Trd, 603228.250, 133
Trd, 603229.250, 123
Trd, 603230.542, 133
Trd, 603231.833, 133
Trd, 603233.875, 125
Trd, 603234.292, 131
Trd, 603234.667, 110
Trd, 603234.708, 139
Trd, 603237.042, 134
Trd, 603237.583, 135
Trd, 603237.708, 118
Trd, 603239.375, 126
Trd, 603239.958, 121
Trd, 603240.417, 144
Trd, 603242.750, 121
Trd, 603244.833, 137
Trd, 603244.958, 135
Trd, 603245.958, 143
Trd, 603246.250, 133
Trd, 603247.500, 121
Trd, 603248.375, 123
Trd, 603248.833, 142
Trd, 603249.000, 143
Trd, 603249.458, 112
Trd, 603250.292, 151
Trd, 603250.708, 127
Trd, 603251.417, 110
Trd, 603253.458, 137
Trd, 603255.792, 114
Trd, 603255.833, 115
Trd, 603258.208, 119
Trd, 603258.292, 121
Trd, 603258.417, 124
Trd, 603259.208, 138
Trd, 603259.458, 121
Trd, 603260.958, 136
Trd, 603261.042, 137
Trd, 603262.333, 125
Trd, 603262.958, 121
Trd, 603264.292, 123
Trd, 603264.625, 120
Trd, 603265.958, 93
Trd, 603266.542, 121
Trd, 603268.042, 136
Trd, 603269.875, 111
Trd, 603270.292, 112
Trd, 603271.250, 112
Trd, 603271.833, 126
Trd, 603272.375, 171
Trd, 603275.333, 124
Trd, 603275.417, 126
Trd, 603277.375, 119
Trd, 603277.542, 121
Trd, 603278.958, 119
Trd, 603279.250, 125
Trd, 603282.292, 128
Trd, 603282.542, 128
Trd, 603283.333, 128
Trd, 603283.542, 126
Trd, 603284.292, 144
Trd, 603284.333, 114
Trd, 603286.458, 112
Trd, 603287.208, 122
Trd, 603287.375, 133
Trd, 603288.417, 110
Trd, 603289.625, 144
Trd, 603290.708, 122
Trd, 603291.750, 121
Trd, 603292.333, 143
Trd, 603293.750, 111
Trd, 603294.042, 128
Trd, 603294.583, 142
Trd, 603295.125, 116
Trd, 603300.125, 121
Trd, 603301.792, 136
Trd, 603301.833, 152
Trd, 603302.458, 144
Trd, 603303.208, 123
Trd, 603303.625, 129
Trd, 603305.000, 114
Trd, 603305.250, 130
Trd, 603306.250, 131
Trd, 603308.583, 126
Trd, 603309.000, 119
Trd, 603309.458, 146
Trd, 603312.167, 119
Trd, 603312.292, 130
Trd, 603313.083, 151
Trd, 603313.125, 138
Trd, 603313.833, 111
Trd, 603314.042, 112
Trd, 603315.583, 99
Trd, 603315.708, 115
Trd, 603316.417, 143
Trd, 603319.542, 146
Trd, 603319.708, 144
Trd, 603320.417, 133
Trd, 603321.167, 143
Trd, 603323.333, 137
Trd, 603324.417, 125
Trd, 603324.542, 142
Trd, 603325.458, 123
Trd, 603326.458, 140
Trd, 603327.833, 133
Trd, 603328.167, 139
Trd, 603329.125, 122
Trd, 603329.292, 124
Trd, 603331.542, 133
Trd, 603331.917, 132
Trd, 603333.833, 116
Trd, 603334.042, 147
Trd, 603334.917, 111
Trd, 603335.458, 111
Trd, 603336.125, 99
Trd, 603337.625, 120
Trd, 603339.125, 133
Trd, 603339.583, 120
Trd, 603339.958, 121
Trd, 603342.958, 139
Trd, 603343.542, 133
Trd, 603343.750, 141
Trd, 603344.333, 145
Trd, 603344.750, 167
Trd, 603347.000, 124
Trd, 603348.292, 125
Trd, 603348.625, 136
Trd, 603349.208, 125
Trd, 603352.917, 125
Trd, 603352.958, 128
Trd, 603353.250, 124
Trd, 603353.750, 121
Trd, 603356.875, 124
Trd, 603357.333, 121
Trd, 603358.125, 118
Trd, 603359.083, 105
Trd, 603359.125, 146
Trd, 603359.208, 104
Trd, 603360.167, 159
Trd, 603361.583, 123
Trd, 603361.875, 165
Trd, 603364.292, 145
Trd, 603365.208, 148
Trd, 603365.792, 119
Trd, 603366.458, 118
Trd, 603366.917, 110
Trd, 603368.083, 113
Trd, 603368.458, 145
Trd, 603369.125, 142
Trd, 603369.625, 167
Trd, 603370.625, 133
Trd, 603372.833, 146
Trd, 603374.167, 111
Trd, 603374.250, 110
Trd, 603375.458, 121
Trd, 603376.083, 142
Trd, 603376.583, 109
Trd, 603377.333, 146
Trd, 603379.667, 120
Trd, 603380.542, 122
Trd, 603380.958, 122
Trd, 603381.792, 106
Trd, 603381.958, 124
Trd, 603384.792, 120
Trd, 603385.250, 119
Trd, 603386.250, 111
Trd, 603386.500, 119
Trd, 603388.000, 114
Trd, 603389.667, 116
Trd, 603390.750, 124
Trd, 603390.917, 145
Trd, 603391.167, 114
Trd, 603391.417, 123
Trd, 603392.667, 112
Trd, 603393.667, 137
Trd, 603396.250, 126
Trd, 603397.792, 134
Trd, 603397.875, 133
Trd, 603398.000, 120
Trd, 603398.792, 128
Trd, 603401.083, 125
Trd, 603401.292, 123
Trd, 603401.833, 137
Trd, 603403.292, 134
Trd, 603404.958, 114
Trd, 603406.125, 128
Trd, 603408.083, 123
Trd, 603409.458, 122
Trd, 603410.375, 121
Trd, 603411.458, 139
Trd, 603411.958, 121
Trd, 603415.500, 114
Trd, 603415.625, 118
Trd, 603415.917, 122
Trd, 603416.292, 134
Trd, 603417.750, 120
Trd, 603418.458, 143
Trd, 603418.542, 134
Trd, 603418.917, 151
Trd, 603423.417, 118
Trd, 603424.667, 119
Trd, 603425.292, 111
Trd, 603426.833, 122
Trd, 603427.167, 114
Trd, 603428.417, 116
Trd, 603428.500, 110
Trd, 603428.833, 117
Trd, 603431.458, 128
Trd, 603434.000, 123
Trd, 603435.125, 132
Trd, 603435.250, 123
Trd, 603435.500, 118
Trd, 603436.208, 110
Trd, 603436.417, 144
Trd, 603437.292, 110
Trd, 603438.667, 121
Trd, 603438.792, 121
Trd, 603439.000, 178
Trd, 603440.292, 119
Trd, 603440.750, 98
Trd, 603442.458, 141
Trd, 603443.917, 119
Trd, 603444.167, 141
Trd, 603445.375, 117
Trd, 603445.625, 110
Trd, 603445.958, 110
Trd, 603447.500, 149
Trd, 603448.875, 109
Trd, 603449.875, 110
Trd, 603449.917, 122
Trd, 603452.292, 123
Trd, 603453.042, 138
Trd, 603454.250, 126
Trd, 603456.750, 139
Trd, 603457.875, 131
Trd, 603458.250, 132
Trd, 603459.042, 110
Trd, 603459.167, 130
Trd, 603462.083, 123
Trd, 603462.208, 118
Trd, 603463.042, 141
Trd, 603463.292, 115
Trd, 603466.000, 122
Trd, 603466.875, 132
Trd, 603469.250, 131
Trd, 603469.333, 126
Trd, 603469.917, 129
Trd, 603472.250, 133
Trd, 603475.375, 110
Trd, 603475.458, 119
Trd, 603475.750, 118
Trd, 603476.375, 122
Trd, 603476.917, 113
Trd, 603478.917, 151
Trd, 603483.208, 114
Trd, 603483.500, 115
Trd, 603483.542, 136
Trd, 603484.083, 113
Trd, 603485.000, 128
Trd, 603486.417, 137
Trd, 603486.500, 103
Trd, 603486.667, 142
Trd, 603487.458, 119
Trd, 603487.583, 143
Trd, 603487.833, 146
Trd, 603489.875, 124
Trd, 603490.000, 120
Trd, 603490.125, 118
Trd, 603491.125, 122
Trd, 603492.000, 141
Trd, 603495.375, 135
Trd, 603497.375, 137
Trd, 603497.417, 129
Trd, 603497.833, 145
Trd, 603498.125, 125
Trd, 603499.792, 141
Trd, 603499.875, 118
Trd, 603500.708, 142
Trd, 603504.083, 122
Trd, 603504.875, 142
Trd, 603505.458, 115
Trd, 603505.875, 142
Trd, 603505.958, 145
Trd, 603506.125, 115
Trd, 603508.667, 139
Trd, 603509.542, 123
Trd, 603509.625, 120
Trd, 603510.958, 134
Trd, 603512.458, 124
Trd, 603513.500, 124
Trd, 603515.125, 149
Trd, 603515.708, 125
Trd, 603517.042, 115
Trd, 603517.417, 111
Trd, 603518.250, 112
Trd, 603518.833, 116
Trd, 603521.542, 120
Trd, 603522.042, 124
Trd, 603522.875, 121
Trd, 603523.167, 116
Trd, 603523.542, 115
Trd, 603524.208, 114
Trd, 603526.000, 121
Trd, 603526.292, 122
Trd, 603526.333, 138
Trd, 603529.500, 125
Trd, 603529.833, 135
Trd, 603530.708, 115
Trd, 603531.500, 103
Trd, 603531.750, 131
Trd, 603533.458, 129
Trd, 603535.000, 132
Trd, 603536.958, 122
Trd, 603537.083, 121
Trd, 603537.375, 117
Trd, 603537.750, 128
Trd, 603538.875, 143
Trd, 603539.167, 147
Trd, 603540.000, 122
Trd, 603540.292, 116
Trd, 603541.458, 124
Trd, 603544.792, 123
Trd, 603545.042, 113
Trd, 603545.792, 115
Trd, 603546.875, 116
Trd, 603547.667, 129
Trd, 603548.292, 131
Trd, 603550.083, 115
Trd, 603550.958, 121
Trd, 603551.458, 131
Trd, 603552.458, 121
Trd, 603553.333, 142
Trd, 603553.875, 147
Trd, 603554.333, 122
Trd, 603555.750, 131
Trd, 603555.833, 121
Trd, 603556.500, 143
Trd, 603558.958, 112
Trd, 603559.042, 110
Trd, 603559.208, 137
Trd, 603561.125, 142
Trd, 603561.667, 167
Trd, 603562.083, 121
Trd, 603563.625, 111
Trd, 603565.625, 110
Trd, 603565.750, 110
Trd, 603566.750, 111
Trd, 603568.167, 126
Trd, 603568.333, 137
Trd, 603568.833, 114
Trd, 603571.750, 110
Trd, 603572.083, 121
Trd, 603572.625, 122
Trd, 603572.667, 118
Trd, 603575.667, 140
Trd, 603575.875, 124
Trd, 603576.083, 123
Trd, 603577.250, 110
Trd, 603579.000, 115
Trd, 603580.792, 121
Trd, 603581.167, 140
Trd, 603581.917, 121
Trd, 603583.375, 100
Trd, 603583.500, 116
Trd, 603585.042, 125
Trd, 603585.958, 121
Trd, 603588.250, 135
Trd, 603588.667, 136
Trd, 603588.958, 134
Trd, 603589.583, 128
Trd, 603590.333, 143
Trd, 603591.250, 136
Trd, 603592.458, 122
Trd, 603593.708, 122
Trd, 603593.917, 120
Trd, 603595.375, 128
Trd, 603596.292, 126
Trd, 603596.667, 121
Trd, 603597.375, 121
Trd, 603599.583, 121
Trd, 603599.875, 144
Trd, 603600.042, 143
Trd, 603601.458, 126
Trd, 603601.750, 119
Trd, 603604.083, 142
Trd, 603605.750, 121
Trd, 603606.333, 122
Trd, 603606.750, 144
Trd, 603607.875, 131
Trd, 603608.333, 116
Trd, 603608.875, 148
Trd, 603608.958, 115
Trd, 603610.542, 136
Trd, 603610.875, 139
Trd, 603611.833, 131
Trd, 603613.333, 127
Trd, 603614.000, 143
Trd, 603614.917, 125
Trd, 603617.042, 119
Trd, 603617.958, 113
Trd, 603619.000, 114
Trd, 603620.042, 123
Trd, 603620.417, 114
Trd, 603621.833, 103
Trd, 603622.083, 148
Trd, 603624.167, 123
Trd, 603626.917, 128
Trd, 603627.417, 124
Trd, 603627.958, 144
Trd, 603628.125, 145
Trd, 603628.417, 154
Trd, 603628.708, 117
Trd, 603629.500, 117
Trd, 603631.958, 137
Trd, 603633.958, 120
Trd, 603634.208, 110
Trd, 603634.958, 120
Trd, 603635.458, 121
Trd, 603637.125, 134
Trd, 603637.458, 115
Trd, 603637.583, 150
Trd, 603638.375, 161
Trd, 603639.000, 133
Trd, 603640.000, 164
Trd, 603642.167, 110
Trd, 603644.458, 108
Trd, 603644.750, 109
Trd, 603646.083, 113
Trd, 603646.750, 122
Trd, 603648.750, 113
Trd, 603649.250, 119
Trd, 603649.292, 122
Trd, 603651.875, 122
Trd, 603653.833, 142
Trd, 603654.292, 126
Trd, 603654.792, 120
Trd, 603654.917, 117
Trd, 603655.375, 142
Trd, 603655.833, 145
Trd, 603656.333, 145
Trd, 603658.000, 119
Trd, 603659.208, 123
Trd, 603659.625, 111
Trd, 603661.875, 145
Trd, 603663.417, 110
Trd, 603663.458, 110
Trd, 603664.042, 120
Trd, 603664.833, 121
Trd, 603667.833, 135
Trd, 603668.333, 146
Trd, 603668.708, 133
Trd, 603669.625, 106
Trd, 603670.208, 130
Trd, 603671.458, 135
Trd, 603672.000, 111
Trd, 603672.250, 115
Trd, 603674.583, 120
Trd, 603674.917, 132
Trd, 603675.417, 136
Trd, 603676.542, 120
Trd, 603677.375, 117
Trd, 603677.625, 136
Trd, 603678.292, 140
Trd, 603679.792, 112
Trd, 603679.833, 99
Trd, 603681.375, 109
Trd, 603681.917, 107
Trd, 603682.958, 112
Trd, 603686.208, 121
Trd, 603687.000, 134
Trd, 603687.042, 115
Trd, 603688.833, 117
Trd, 603689.167, 119
Trd, 603689.542, 117
Trd, 603690.042, 124
Trd, 603690.917, 105
Trd, 603691.667, 106
Trd, 603692.833, 140
Trd, 603693.875, 124
Trd, 603694.708, 110
Trd, 603694.833, 122
Trd, 603696.833, 120
Trd, 603699.167, 130
Trd, 603699.375, 122
Trd, 603699.500, 131
Trd, 603700.375, 118
Trd, 603701.542, 121
Trd, 603702.333, 110
Trd, 603703.667, 160
Trd, 603704.292, 122
Trd, 603706.458, 126
Trd, 603706.875, 154
Trd, 603709.000, 152
Trd, 603709.375, 165
Trd, 603709.917, 133
Trd, 603710.500, 123
Trd, 603711.417, 114
Trd, 603712.375, 159
Trd, 603712.958, 121
Trd, 603713.208, 160
Trd, 603716.167, 133
Trd, 603716.667, 143
Trd, 603719.125, 112
Trd, 603719.708, 127
Trd, 603719.750, 143
Trd, 603720.125, 126
Trd, 603724.000, 150
Trd, 603724.917, 115
Trd, 603726.292, 111
Trd, 603726.500, 115
Trd, 603726.958, 121
Trd, 603730.375, 122
Trd, 603730.542, 121
Trd, 603730.875, 123
Trd, 603732.667, 122
Trd, 603732.958, 121
Trd, 603733.167, 146
Trd, 603735.208, 111
Trd, 603738.750, 110
Trd, 603739.125, 111
Trd, 603740.500, 111
Trd, 603740.625, 112
Trd, 603741.042, 110
Trd, 603741.833, 141
Trd, 603742.958, 118
Trd, 603743.208, 117
Trd, 603743.250, 121
Trd, 603744.292, 127
Trd, 603748.375, 123
Trd, 603748.750, 124
Trd, 603749.000, 122
Trd, 603750.000, 144
Trd, 603750.542, 126
Trd, 603753.958, 133
Trd, 603754.000, 145
Trd, 603754.542, 128
Trd, 603755.667, 118
Trd, 603757.708, 121
Trd, 603757.750, 123
Trd, 603760.625, 121
Trd, 603761.542, 110
Trd, 603761.625, 99
Trd, 603762.875, 117
Trd, 603763.792, 118
Trd, 603765.083, 110
Trd, 603765.875, 117
Trd, 603766.625, 111
Trd, 603767.208, 121
Trd, 603768.083, 118
Trd, 603769.667, 136
Trd, 603770.875, 138
Trd, 603771.000, 118
Trd, 603771.208, 118
Trd, 603771.917, 125
Trd, 603774.167, 121
Trd, 603776.875, 138
Trd, 603778.375, 136
Trd, 603779.917, 134
Trd, 603780.125, 133
Trd, 603781.000, 149
Trd, 603781.833, 142
Trd, 603782.917, 130
Trd, 603782.958, 110
Trd, 603785.208, 102
Trd, 603785.917, 110
Trd, 603787.917, 108
Trd, 603788.667, 121
Trd, 603789.292, 147
Trd, 603790.000, 135
Trd, 603790.583, 135
Trd, 603793.375, 135
Trd, 603794.375, 136
Trd, 603794.708, 133
Trd, 603795.458, 133
Trd, 603795.792, 133
Trd, 603796.000, 145
Trd, 603798.542, 141
Trd, 603798.625, 120
Trd, 603798.833, 113
Trd, 603801.500, 167
Trd, 603802.125, 134
Trd, 603802.542, 121
Trd, 603804.417, 120
Trd, 603805.417, 119
Trd, 603805.917, 122
Trd, 603807.417, 143
Trd, 603807.500, 145
Trd, 603807.542, 142
Trd, 603808.292, 120
Trd, 603809.750, 116
Trd, 603810.500, 122
Trd, 603811.625, 132
Trd, 603811.750, 133
Trd, 603812.917, 123
Trd, 603813.333, 122
Trd, 603814.917, 125
Trd, 603815.292, 114
Trd, 603816.042, 135
Trd, 603816.708, 136
Trd, 603818.958, 116
Trd, 603819.583, 110
Trd, 603820.375, 114
Trd, 603821.125, 110
Trd, 603822.875, 120
Trd, 603824.167, 123
Trd, 603826.542, 142
Trd, 603827.292, 106
Trd, 603827.917, 145
Trd, 603828.625, 102
Trd, 603830.042, 107
Trd, 603830.958, 120
Trd, 603831.750, 132
Trd, 603832.625, 136
Trd, 603834.625, 135
Trd, 603834.917, 120
Trd, 603835.417, 167
Trd, 603835.833, 125
Trd, 603836.833, 142
Trd, 603837.250, 121
Trd, 603838.792, 114
Trd, 603840.833, 114
Trd, 603840.875, 105
Trd, 603841.000, 143
Trd, 603843.417, 126
Trd, 603844.083, 140
Trd, 603844.250, 124
Trd, 603844.792, 147
Trd, 603844.875, 100
Trd, 603848.083, 123
Trd, 603850.167, 121
Trd, 603850.750, 107
Trd, 603851.708, 117
Trd, 603852.000, 121
Trd, 603852.958, 120
Trd, 603853.083, 111
Trd, 603854.208, 117
Trd, 603855.500, 113
Trd, 603855.958, 132
Trd, 603856.958, 133
Trd, 603858.042, 116
Trd, 603859.083, 113
Trd, 603859.458, 120
Trd, 603859.875, 144
Trd, 603860.208, 117
Trd, 603861.333, 137
Trd, 603863.875, 143
Trd, 603863.958, 147
Trd, 603865.417, 119
Trd, 603867.583, 120
Trd, 603867.667, 121
Trd, 603868.042, 119
Trd, 603869.000, 152
Trd, 603870.250, 168
Trd, 603871.333, 124
Trd, 603873.500, 143
Trd, 603874.125, 125
Trd, 603875.208, 142
Trd, 603875.333, 125
Trd, 603875.875, 125
Trd, 603876.583, 110
Trd, 603876.917, 120
Trd, 603877.417, 113
Trd, 603878.708, 134
Trd, 603880.042, 114
Trd, 603881.417, 113
Trd, 603882.333, 111
Trd, 603882.583, 122
Trd, 603882.667, 145
Trd, 603884.875, 112
Trd, 603885.542, 148
Trd, 603886.667, 138
Trd, 603887.417, 110
Trd, 603887.458, 99
Trd, 603888.583, 120
Trd, 603890.583, 121
Trd, 603890.958, 120
Trd, 603891.167, 135
Trd, 603894.458, 143
Trd, 603894.792, 119
Trd, 603896.042, 109
Trd, 603896.250, 134
Trd, 603898.833, 146
Trd, 603900.083, 140
Trd, 603900.208, 145
Trd, 603900.917, 146
Trd, 603902.417, 143
Trd, 603903.333, 144
Trd, 603903.958, 134
Trd, 603904.167, 133
Trd, 603904.208, 119
Trd, 603904.583, 92
Trd, 603905.917, 108
Trd, 603906.542, 111
Trd, 603908.667, 130
Trd, 603908.875, 136
Trd, 603910.792, 113
Trd, 603911.708, 127
Trd, 603911.875, 147
Trd, 603913.042, 150
Trd, 603913.958, 138
Trd, 603914.417, 133
Trd, 603916.167, 137
Trd, 603917.250, 120
Trd, 603918.500, 120
Trd, 603919.000, 124
Trd, 603921.625, 165
Trd, 603922.667, 144
Trd, 603922.958, 135
Trd, 603926.000, 134
Trd, 603926.333, 133
Trd, 603926.625, 144
Trd, 603928.000, 120
Trd, 603929.667, 132
Trd, 603929.917, 121
Trd, 603931.542, 110
Trd, 603932.833, 128
Trd, 603932.958, 129
Trd, 603933.458, 131
Trd, 603934.083, 135
Trd, 603935.333, 144
Trd, 603935.667, 120
Trd, 603935.792, 112
Trd, 603939.333, 123
Trd, 603939.708, 126
Trd, 603943.375, 126
Trd, 603943.583, 124
Trd, 603943.750, 118
Trd, 603943.792, 133
Trd, 603944.958, 139
Trd, 603945.000, 141
Trd, 603946.458, 140
Trd, 603946.667, 120
Trd, 603947.875, 113
Trd, 603949.458, 134
Trd, 603951.167, 131
Trd, 603951.208, 132
Trd, 603952.583, 142
Trd, 603953.500, 114
Trd, 603954.583, 130
Trd, 603955.917, 140
Trd, 603956.208, 133
Trd, 603959.083, 129
Trd, 603959.583, 138
Trd, 603960.542, 135
Trd, 603962.208, 144
Trd, 603962.875, 125
Trd, 603965.292, 126
Trd, 603965.833, 124
Trd, 603966.750, 118
Trd, 603968.958, 121
Trd, 603969.583, 112
Trd, 603970.792, 116
Trd, 603971.458, 131
Trd, 603972.083, 115
Trd, 603972.708, 130
Trd, 603974.333, 126
Trd, 603975.375, 122
Trd, 603975.542, 110
Trd, 603975.583, 150
Trd, 603977.125, 100
Trd, 603979.417, 110
Trd, 603980.000, 124
Trd, 603980.458, 131
Trd, 603982.833, 148
Trd, 603984.375, 120
Trd, 603984.583, 121
Trd, 603984.792, 143
Trd, 603984.875, 118
Trd, 603985.417, 115
Trd, 603986.667, 133
Trd, 603988.750, 119
Trd, 603989.208, 120
Trd, 603990.500, 122
Trd, 603991.042, 121
Trd, 603992.333, 116
Trd, 603993.000, 118
Trd, 603993.792, 133
Trd, 603994.875, 120
Trd, 603995.625, 120
Trd, 603997.042, 131
Trd, 603998.042, 141
Trd, 603998.375, 131
Trd, 603999.125, 122
Trd, 603999.208, 121
Trd, 604001.292, 134
Trd, 604002.958, 142
Trd, 604004.583, 124
Trd, 604004.917, 111
Trd, 604005.208, 143
Trd, 604005.583, 124
Trd, 604006.000, 112
Trd, 604006.292, 129
Trd, 604007.500, 147
Trd, 604007.708, 132
Trd, 604008.458, 111
Trd, 604010.417, 133
Trd, 604012.333, 122
Trd, 604013.042, 118
Trd, 604017.000, 122
Trd, 604017.542, 133
Trd, 604019.458, 122
Trd, 604021.000, 117
Trd, 604022.042, 120
Trd, 604022.375, 119
Trd, 604022.833, 122
Trd, 604025.000, 121
Trd, 604025.167, 162
Trd, 604026.167, 149
Trd, 604027.208, 144
Trd, 604027.375, 133
Trd, 604028.875, 108
Trd, 604031.792, 166
Trd, 604032.042, 147
Trd, 604032.458, 144
Trd, 604032.500, 133
Trd, 604032.583, 145
Trd, 604033.417, 117
Trd, 604037.792, 150
Trd, 604037.833, 144
Trd, 604038.542, 145
Trd, 604038.792, 132
Trd, 604039.708, 149
Trd, 604040.500, 145
Trd, 604041.292, 144
Trd, 604043.042, 123
Trd, 604043.125, 125
Trd, 604043.208, 114
Trd, 604045.208, 110
Trd, 604045.750, 137
Trd, 604045.792, 138
Trd, 604046.167, 137
Trd, 604047.458, 132
Trd, 604047.542, 114
Trd, 604048.667, 143
Trd, 604050.208, 146
Trd, 604052.875, 138
Trd, 604053.542, 139
Trd, 604055.583, 115
Trd, 604056.042, 132
Trd, 604056.083, 146
Trd, 604058.000, 137
Trd, 604058.125, 136
Trd, 604058.167, 119
Trd, 604058.958, 110
Trd, 604059.500, 134
Trd, 604061.917, 104
Trd, 604062.000, 123
Trd, 604062.792, 144
Trd, 604064.625, 117
Trd, 604065.625, 140
Trd, 604069.000, 118
Trd, 604069.042, 119
Trd, 604069.500, 121
Trd, 604069.875, 121
Trd, 604069.958, 118
Trd, 604072.750, 112
Trd, 604073.792, 136
Trd, 604074.125, 144
Trd, 604075.208, 115
Trd, 604076.458, 154
Trd, 604078.625, 112
Trd, 604079.292, 180
Trd, 604079.750, 112
Trd, 604080.875, 135
Trd, 604081.167, 134
Trd, 604081.667, 110
Trd, 604084.667, 125
Trd, 604084.833, 139
Trd, 604085.917, 140
Trd, 604086.708, 127
Trd, 604086.958, 119
Trd, 604087.792, 133
Trd, 604089.792, 110
Trd, 604090.500, 147
Trd, 604091.625, 117
Trd, 604091.958, 129
Trd, 604092.875, 144
Trd, 604095.500, 117
Trd, 604095.542, 130
Trd, 604095.792, 132
Trd, 604096.083, 131
Trd, 604096.500, 101
Trd, 604099.500, 120
Trd, 604102.167, 120
Trd, 604102.375, 120
Trd, 604102.583, 121
Trd, 604104.042, 121
Trd, 604105.250, 120
Trd, 604108.000, 124
Trd, 604108.333, 125
Trd, 604108.583, 131
Trd, 604109.333, 121
Trd, 604110.583, 146
Trd, 604110.833, 133
Trd, 604112.042, 147
Trd, 604112.667, 128
Trd, 604114.917, 146
Trd, 604115.417, 107
Trd, 604116.500, 112
Trd, 604116.958, 113
Trd, 604117.042, 111
Trd, 604117.208, 122
Trd, 604119.083, 87
Trd, 604119.125, 115
Trd, 604119.958, 116
Trd, 604120.083, 144
Trd, 604121.625, 165
Trd, 604123.375, 124
Trd, 604124.292, 187
Trd, 604124.542, 118
Trd, 604126.375, 144
Trd, 604126.458, 119
Trd, 604128.667, 142
Trd, 604130.958, 138
Trd, 604131.667, 128
Trd, 604132.333, 148
Trd, 604133.000, 123
Trd, 604135.458, 123
Trd, 604136.042, 110
Trd, 604136.167, 132
Trd, 604137.125, 137
Trd, 604137.500, 142
Trd, 604138.417, 111
Trd, 604140.083, 112
Trd, 604140.500, 123
Trd, 604140.708, 148
Trd, 604141.250, 111
Trd, 604144.042, 123
Trd, 604144.208, 140
Trd, 604145.458, 123
Trd, 604145.958, 145
Trd, 604146.125, 99
Trd, 604148.000, 121
Trd, 604148.917, 121
Trd, 604150.292, 123
Trd, 604152.250, 122
Trd, 604152.458, 118
Trd, 604152.917, 111
Trd, 604153.125, 129
Trd, 604153.167, 110
Trd, 604155.083, 110
Trd, 604157.417, 131
Trd, 604157.583, 130
Trd, 604158.542, 131
Trd, 604158.750, 146
Trd, 604159.250, 129
Trd, 604160.583, 120
Trd, 604161.542, 121
Trd, 604162.833, 130
Trd, 604163.333, 123
Trd, 604165.000, 116
Trd, 604165.292, 138
Trd, 604165.917, 111
Trd, 604166.375, 125
Trd, 604168.292, 133
Trd, 604169.792, 123
Trd, 604170.375, 144
Trd, 604172.792, 133
Trd, 604173.125, 133
Trd, 604173.667, 160
Trd, 604175.458, 140
Trd, 604175.583, 135
Trd, 604176.042, 133
Trd, 604176.125, 144
Trd, 604177.292, 139
Trd, 604179.500, 123
Trd, 604179.625, 119
Trd, 604180.750, 110
Trd, 604180.958, 138
Trd, 604182.667, 121
Trd, 604183.792, 122
Trd, 604184.125, 123
Trd, 604184.958, 123
Trd, 604185.125, 149
Trd, 604187.500, 143
Trd, 604187.708, 125
Trd, 604188.042, 121
Trd, 604189.250, 115
Trd, 604191.000, 133
Trd, 604191.583, 140
Trd, 604192.125, 142
Trd, 604193.667, 123
Trd, 604194.042, 124
Trd, 604195.292, 122
Trd, 604196.667, 121
Trd, 604197.208, 121
Trd, 604198.125, 121
Trd, 604198.958, 164
Trd, 604199.292, 127
Trd, 604200.083, 118
Trd, 604200.458, 118
Trd, 604201.958, 121
Trd, 604202.625, 121
Trd, 604204.417, 118
Trd, 604205.125, 120
Trd, 604205.500, 134
Trd, 604206.875, 152
Trd, 604207.667, 110
Trd, 604208.250, 139
Trd, 604210.042, 119
Trd, 604210.333, 126
Trd, 604212.750, 120
Trd, 604213.708, 119
Trd, 604214.042, 122
Trd, 604214.167, 111
Trd, 604215.833, 149
Trd, 604215.958, 144
Trd, 604216.750, 121
Trd, 604218.042, 122
Trd, 604219.292, 121
Trd, 604220.875, 122
Trd, 604222.292, 113
Trd, 604223.208, 120
Trd, 604223.625, 112
Trd, 604223.708, 128
Trd, 604224.667, 145
Trd, 604227.583, 115
Trd, 604228.042, 112
Trd, 604228.917, 136
Trd, 604229.375, 125
Trd, 604230.792, 118
Trd, 604230.875, 133
Trd, 604232.667, 121
Trd, 604236.333, 110
Trd, 604236.500, 118
Trd, 604237.917, 121
Trd, 604238.000, 113
Trd, 604239.000, 115
Trd, 604239.333, 120
Trd, 604240.375, 127
Trd, 604241.125, 120
Trd, 604242.542, 120
Trd, 604245.083, 120
Trd, 604245.167, 122
Trd, 604248.083, 119
Trd, 604249.125, 118
Trd, 604249.167, 119
Trd, 604249.667, 121
Trd, 604250.875, 118
Trd, 604251.250, 133
Trd, 604251.375, 111
Trd, 604252.125, 113
Trd, 604255.375, 120
Trd, 604256.083, 127
Trd, 604257.125, 123
Trd, 604257.292, 122
Trd, 604258.625, 132
Trd, 604262.208, 124
Trd, 604262.500, 158
Trd, 604263.625, 124
Trd, 604264.042, 112
Trd, 604265.167, 117
Trd, 604265.208, 121
Trd, 604266.000, 126
Trd, 604268.417, 119
Trd, 604269.000, 121
Trd, 604269.125, 118
Trd, 604269.458, 136
Trd, 604270.958, 113
Trd, 604271.292, 110
Trd, 604271.875, 122
Trd, 604272.875, 122
Trd, 604273.083, 123
Trd, 604273.417, 119
Trd, 604276.375, 134
Trd, 604276.458, 147
Trd, 604277.333, 121
Trd, 604277.417, 147
Trd, 604278.625, 110
Trd, 604279.667, 136
Trd, 604281.167, 124
Trd, 604281.917, 135
Trd, 604283.708, 111
Trd, 604284.292, 121
Trd, 604284.958, 125
Trd, 604285.667, 144
Trd, 604287.333, 120
Trd, 604287.542, 127
Trd, 604287.583, 119
Trd, 604290.083, 146
Trd, 604290.375, 152
Trd, 604290.417, 133
Trd, 604291.458, 151
Trd, 604292.500, 165
Trd, 604293.250, 151
Trd, 604293.542, 110
Trd, 604294.625, 119
Trd, 604294.958, 116
Trd, 604296.083, 116
Trd, 604297.792, 100
Trd, 604298.792, 104
Trd, 604299.167, 116
Trd, 604299.792, 139
Trd, 604302.417, 123
Trd, 604302.917, 122
Trd, 604303.375, 127
Trd, 604304.208, 135
Trd, 604305.125, 120
Trd, 604305.583, 141
Trd, 604305.833, 112
Trd, 604307.500, 124
Trd, 604308.917, 123
Trd, 604309.542, 121
Trd, 604310.042, 146
Trd, 604311.375, 123
Trd, 604311.625, 124
Trd, 604311.917, 112
Trd, 604313.708, 140
Trd, 604314.333, 134
Trd, 604315.167, 110
Trd, 604318.000, 113
Trd, 604318.083, 107
Trd, 604319.125, 141
Trd, 604320.792, 106
Trd, 604321.125, 116
Trd, 604321.708, 110
Trd, 604322.083, 123
Trd, 604322.833, 124
Trd, 604324.917, 117
Trd, 604325.250, 144
Trd, 604326.875, 135
Trd, 604327.833, 155
Trd, 604329.583, 112
Trd, 604330.083, 114
Trd, 604330.125, 110
Trd, 604330.375, 124
Trd, 604330.875, 134
Trd, 604331.083, 115
Trd, 604332.458, 143
Trd, 604333.667, 133
Trd, 604334.333, 144
Trd, 604337.625, 114
Trd, 604338.792, 121
Trd, 604340.542, 128
Trd, 604341.042, 125
Trd, 604341.833, 131
Trd, 604342.833, 124
Trd, 604343.875, 119
Trd, 604345.292, 126
Trd, 604345.833, 123
Trd, 604347.167, 123
Trd, 604347.333, 121
Trd, 604347.458, 110
Trd, 604349.583, 141
Trd, 604350.125, 131
Trd, 604354.417, 117
Trd, 604355.042, 124
Trd, 604355.750, 122
Trd, 604355.875, 117
Trd, 604356.083, 134
Trd, 604356.667, 135
Trd, 604358.083, 148
Trd, 604359.500, 110
Trd, 604359.583, 114
Trd, 604359.667, 115
Trd, 604361.917, 121
Trd, 604363.792, 132
Trd, 604365.167, 135
Trd, 604365.708, 124
Trd, 604366.792, 134
Trd, 604366.958, 122
Trd, 604367.417, 120
Trd, 604368.750, 114
Trd, 604371.375, 131
Trd, 604372.125, 131
Trd, 604372.167, 124
Trd, 604375.833, 116
Trd, 604376.792, 110
Trd, 604376.958, 96
Trd, 604378.333, 108
Trd, 604380.042, 99
Trd, 604380.667, 113
Trd, 604381.000, 123
Trd, 604381.208, 145
Trd, 604382.792, 111
Trd, 604384.625, 122
Trd, 604384.708, 112
Trd, 604385.750, 144
Trd, 604386.250, 164
Trd, 604389.750, 134
Trd, 604389.792, 133
Trd, 604391.375, 135
Trd, 604391.792, 139
Trd, 604393.208, 154
Trd, 604394.458, 167
Trd, 604395.042, 116
Trd, 604396.917, 113
Trd, 604397.792, 115
Trd, 604397.917, 127
Trd, 604400.833, 126
Trd, 604401.417, 124
Trd, 604401.917, 127
Trd, 604403.000, 116
Trd, 604404.208, 121
Trd, 604404.625, 135
Trd, 604409.167, 110
Trd, 604409.417, 109
Trd, 604410.167, 120
Trd, 604410.958, 121
Trd, 604411.167, 147
Trd, 604411.500, 169
Trd, 604412.917, 130
Trd, 604414.125, 114
Trd, 604415.375, 143
Trd, 604416.750, 121
Trd, 604417.083, 122
Trd, 604418.333, 117
Trd, 604419.000, 124
Trd, 604419.500, 158
Trd, 604419.667, 117
Trd, 604420.958, 119
Trd, 604421.000, 112
Trd, 604423.792, 122
Trd, 604424.167, 110
Trd, 604425.250, 103
Trd, 604425.333, 104
Trd, 604425.958, 150
Trd, 604427.917, 120
Trd, 604429.542, 138
Trd, 604429.792, 137
Trd, 604431.083, 141
Trd, 604431.750, 143
Trd, 604432.000, 133
Trd, 604432.917, 119
Trd, 604433.250, 145
Trd, 604433.958, 121
Trd, 604434.375, 121
Trd, 604435.792, 110
Trd, 604438.750, 123
Trd, 604439.125, 122
Trd, 604439.208, 134
Trd, 604441.083, 144
Trd, 604441.833, 135
Trd, 604442.042, 117
Trd, 604444.750, 124
Trd, 604445.792, 143
Trd, 604446.125, 144
Trd, 604446.708, 150
Trd, 604446.958, 126
Trd, 604447.500, 129
Trd, 604449.167, 123
Trd, 604451.042, 134
Trd, 604451.500, 139
Trd, 604451.792, 139
Trd, 604452.750, 117
Trd, 604454.792, 144
Trd, 604455.375, 139
Trd, 604455.667, 151
Trd, 604457.500, 149
Trd, 604458.000, 133
Trd, 604458.667, 110
Trd, 604458.958, 121
Trd, 604459.292, 123
Trd, 604461.792, 89
Trd, 604462.833, 116
Trd, 604463.292, 126
Trd, 604463.833, 128
Trd, 604465.250, 125
Trd, 604466.375, 118
Trd, 604467.792, 124
Trd, 604470.625, 138
Trd, 604470.917, 120
Trd, 604473.208, 122
Trd, 604473.667, 143
Trd, 604474.042, 122
Trd, 604476.792, 118
Trd, 604477.125, 138
Trd, 604477.417, 138
Trd, 604477.458, 118
Trd, 604478.292, 119
Trd, 604480.417, 112
Trd, 604480.667, 122
Trd, 604480.875, 112
Trd, 604482.083, 133
Trd, 604482.667, 152
Trd, 604483.667, 165
Trd, 604484.708, 112
Trd, 604485.667, 144
Trd, 604485.917, 126
Trd, 604487.958, 136
Trd, 604488.208, 135
Trd, 604489.292, 120
Trd, 604490.500, 119
Trd, 604491.167, 110
Trd, 604491.833, 110
Trd, 604493.250, 120
Trd, 604493.833, 129
Trd, 604495.792, 119
Trd, 604496.333, 107
Trd, 604498.042, 121
Trd, 604498.458, 110
Trd, 604498.583, 122
Trd, 604498.792, 124
Trd, 604499.500, 119
Trd, 604500.583, 146
Trd, 604502.958, 134
Trd, 604503.500, 97
Trd, 604504.500, 143
Trd, 604506.542, 120
Trd, 604506.625, 120
Trd, 604508.833, 119
Trd, 604511.458, 111
Trd, 604512.167, 123
Trd, 604513.167, 130
Trd, 604513.250, 113
Trd, 604513.875, 114
Trd, 604515.708, 120
Trd, 604516.083, 121
Trd, 604516.208, 123
Trd, 604518.458, 146
Trd, 604518.667, 120
Trd, 604519.792, 118
Trd, 604522.875, 135
Trd, 604524.167, 134
Trd, 604524.625, 141
Trd, 604524.750, 142
Trd, 604526.083, 133
Trd, 604526.292, 123
Trd, 604526.750, 169
Trd, 604529.333, 121
Trd, 604529.417, 115
Trd, 604531.625, 111
Trd, 604533.917, 132
Trd, 604534.375, 138
Trd, 604535.042, 115
Trd, 604536.500, 106
Trd, 604537.292, 110
Trd, 604537.708, 125
Trd, 604538.000, 144
Trd, 604539.333, 113
Trd, 604539.875, 104
Trd, 604542.458, 143
Trd, 604543.375, 121
Trd, 604544.167, 147
Trd, 604545.583, 118
Trd, 604546.542, 130
Trd, 604547.917, 123
Trd, 604548.292, 124
Trd, 604548.375, 120
Trd, 604549.083, 119
Trd, 604550.125, 99
Trd, 604550.500, 130
Trd, 604554.458, 131
Trd, 604555.958, 123
Trd, 604556.333, 123
Trd, 604556.583, 125
Trd, 604556.792, 115
Trd, 604556.958, 132
Trd, 604557.042, 110
Trd, 604558.833, 133
Trd, 604560.292, 149
Trd, 604560.375, 133
Trd, 604560.833, 141
Trd, 604564.000, 119
Trd, 604565.875, 122
Trd, 604567.625, 118
Trd, 604568.083, 119
Trd, 604569.333, 119
Trd, 604569.958, 120
Trd, 604571.667, 118
Trd, 604572.750, 124
Trd, 604573.333, 114
Trd, 604574.208, 143
Trd, 604574.417, 150
Trd, 604575.208, 133
Trd, 604575.625, 132
Trd, 604576.042, 145
Trd, 604577.083, 126
Trd, 604578.708, 119
Trd, 604579.583, 157
Trd, 604580.042, 117
Trd, 604581.333, 110
Trd, 604581.792, 142
Trd, 604585.208, 135
Trd, 604586.375, 133
Trd, 604587.083, 133
Trd, 604587.458, 133
Trd, 604587.958, 132
Trd, 604588.625, 132
Trd, 604588.917, 133
Trd, 604590.375, 123
Trd, 604591.500, 142
Trd, 604592.333, 142
Trd, 604592.958, 116
Trd, 604594.875, 115
Trd, 604595.375, 114
Trd, 604595.833, 121
Trd, 604596.250, 143
Trd, 604597.042, 144
Trd, 604597.292, 132
Trd, 604598.917, 108
Trd, 604599.042, 99
Trd, 604600.667, 139
Trd, 604601.042, 153
Trd, 604602.708, 139
Trd, 604602.875, 119
Trd, 604604.083, 113
Trd, 604605.833, 133
Trd, 604606.250, 121
Trd, 604606.583, 122
Trd, 604607.375, 115
Trd, 604608.417, 121
Trd, 604608.583, 113
Trd, 604610.375, 127
Trd, 604612.083, 144
Trd, 604612.458, 138
Trd, 604613.167, 136
Trd, 604613.375, 110
Trd, 604615.625, 110
Trd, 604616.125, 111
Trd, 604617.083, 114
Trd, 604618.917, 108
Trd, 604619.917, 122
Trd, 604620.208, 113
Trd, 604620.875, 124
Trd, 604621.625, 122
Trd, 604622.792, 122
Trd, 604623.792, 150
Trd, 604624.375, 132
Trd, 604625.000, 118
Trd, 604627.667, 112
Trd, 604627.958, 110
Trd, 604628.542, 105
Trd, 604628.667, 106
Trd, 604629.333, 121
Trd, 604632.833, 122
Trd, 604635.792, 113
Trd, 604636.250, 121
Trd, 604636.458, 123
Trd, 604636.792, 124
Trd, 604637.917, 121
Trd, 604638.208, 125
Trd, 604638.750, 139
Trd, 604638.875, 112
Trd, 604639.292, 112
Trd, 604640.542, 149
Trd, 604642.125, 102
Trd, 604642.333, 121
Trd, 604643.417, 121
Trd, 604644.875, 122
Trd, 604646.208, 111
Trd, 604646.542, 112
Trd, 604647.125, 114
Trd, 604648.833, 135
Trd, 604649.375, 100
Trd, 604652.125, 114
Trd, 604653.917, 119
Trd, 604654.917, 129
Trd, 604655.250, 143
Trd, 604655.833, 122
Trd, 604656.583, 144
Trd, 604657.083, 141
Trd, 604658.292, 114
Trd, 604658.667, 115
Trd, 604660.917, 139
Trd, 604661.250, 141
Trd, 604662.542, 126
Trd, 604663.292, 127
Trd, 604663.750, 126
Trd, 604667.208, 114
Trd, 604667.375, 115
Trd, 604668.208, 123
Trd, 604670.250, 111
Trd, 604670.875, 125
Trd, 604672.333, 143
Trd, 604672.875, 104
Trd, 604675.792, 113
Trd, 604675.958, 110
Trd, 604676.083, 112
Trd, 604677.167, 113
Trd, 604678.083, 120
Trd, 604678.875, 121
Trd, 604679.917, 112
Trd, 604681.792, 125
Trd, 604683.083, 122
Trd, 604684.833, 146
Trd, 604685.292, 131
Trd, 604685.500, 153
Trd, 604685.833, 121
Trd, 604685.958, 153
Trd, 604688.333, 104
Trd, 604689.750, 115
Trd, 604692.042, 125
Trd, 604692.667, 134
Trd, 604694.625, 144
Trd, 604695.000, 119
Trd, 604695.625, 127
Trd, 604698.250, 142
Trd, 604698.417, 121
Trd, 604700.000, 122
Trd, 604700.375, 122
Trd, 604700.458, 133
Trd, 604701.708, 117
Trd, 604701.958, 146
Trd, 604703.208, 149
Trd, 604703.250, 116
Trd, 604705.542, 121
Trd, 604706.333, 124
Trd, 604707.833, 132
Trd, 604708.583, 134
Trd, 604709.292, 144
Trd, 604711.167, 122
Trd, 604711.625, 120
Trd, 604712.958, 110
Trd, 604715.458, 143
Trd, 604715.750, 144
Trd, 604716.000, 167
Trd, 604716.750, 136
Trd, 604718.875, 135
Trd, 604720.500, 133
Trd, 604721.833, 137
Trd, 604722.625, 111
Trd, 604722.917, 112
Trd, 604724.833, 138
Trd, 604724.958, 119
Trd, 604726.542, 130
Trd, 604727.000, 110
Trd, 604727.125, 108
Trd, 604727.542, 134
Trd, 604727.792, 135
Trd, 604727.958, 144
Trd, 604729.250, 122
Trd, 604730.000, 123
Trd, 604731.250, 122
Trd, 604731.500, 122
Trd, 604734.958, 113
Trd, 604735.375, 129
Trd, 604737.750, 129
Trd, 604738.500, 124
Trd, 604738.792, 128
Trd, 604740.583, 117
Trd, 604741.250, 120
Trd, 604741.375, 110
Trd, 604744.000, 115
Trd, 604744.833, 113
Trd, 604745.167, 120
Trd, 604746.917, 111
Trd, 604747.542, 126
Trd, 604748.083, 112
Trd, 604749.458, 113
Trd, 604750.125, 148
Trd, 604751.000, 110
Trd, 604751.667, 139
Trd, 604755.667, 142
Trd, 604755.750, 125
Trd, 604756.792, 124
Trd, 604757.125, 116
Trd, 604759.708, 144
Trd, 604759.833, 121
Trd, 604760.875, 145
Trd, 604762.375, 127
Trd, 604762.583, 123
Trd, 604763.750, 143
Trd, 604765.500, 145
Trd, 604766.292, 132
Trd, 604767.042, 123
Trd, 604768.375, 146
Trd, 604768.458, 150
Trd, 604770.042, 115
Trd, 604771.208, 111
Trd, 604772.292, 118
Trd, 604773.042, 121
Trd, 604773.208, 123
Trd, 604773.542, 116
Trd, 604775.333, 121
Trd, 604775.375, 122
Trd, 604776.583, 121
Trd, 604777.292, 118
Trd, 604777.500, 155
Trd, 604780.250, 120
Trd, 604781.000, 110
Trd, 604781.958, 124
Trd, 604782.042, 126
Trd, 604783.542, 144
Trd, 604783.583, 144
Trd, 604783.792, 147
Trd, 604784.125, 133
Trd, 604787.458, 121
Trd, 604788.333, 121
Trd, 604789.208, 123
Trd, 604789.542, 122
Trd, 604789.708, 118
Trd, 604790.542, 138
Trd, 604791.417, 112
Trd, 604794.083, 122
Trd, 604794.833, 136
Trd, 604795.708, 134
Trd, 604797.792, 93
Trd, 604798.875, 112
Trd, 604799.042, 112
Trd, 604799.250, 113
Trd, 604799.958, 100
