Trd, 603099.500, 151
Trd, 603099.583, 111
Trd, 603100.250, 110
Trd, 603101.625, 100
Trd, 603102.542, 111
Trd, 603102.750, 99
Trd, 603103.833, 133
Trd, 603105.208, 125
Trd, 603105.375, 113
Trd, 603106.875, 111
Trd, 603107.125, 150
Trd, 603110.792, 134
Trd, 603111.833, 129
Trd, 603111.958, 121
Trd, 603112.833, 144
Trd, 603114.000, 154
Trd, 603114.667, 120
Trd, 603114.958, 110
Trd, 603115.833, 113
Trd, 603116.542, 120
Trd, 603117.417, 112
Trd, 603118.708, 117
Trd, 603119.625, 115
Trd, 603119.667, 110
Trd, 603120.750, 146
Trd, 603121.583, 147
Trd, 603122.125, 99
Trd, 603124.750, 161
Trd, 603124.917, 144
Trd, 603125.375, 121
Trd, 603127.208, 110
Trd, 603127.583, 107
Trd, 603128.042, 146
Trd, 603129.708, 143
Trd, 603130.333, 114
Trd, 603131.833, 147
Trd, 603131.875, 172
Trd, 603133.333, 152
Trd, 603134.292, 151
Trd, 603135.042, 133
Trd, 603136.125, 99
Trd, 603136.167, 89
Trd, 603136.708, 149
Trd, 603138.125, 178
Trd, 603138.333, 133
Trd, 603139.125, 161
Trd, 603141.625, 153
Trd, 603141.917, 133
Trd, 603142.792, 121
Trd, 603143.000, 120
Trd, 603143.792, 133
Trd, 603144.208, 101
Trd, 603145.375, 175
Trd, 603145.417, 155
Trd, 603145.542, 110
Trd, 603147.583, 131
Trd, 603148.208, 147
Trd, 603148.917, 161
Trd, 603149.708, 123
Trd, 603149.833, 121
Trd, 603151.000, 151
Trd, 603153.417, 127
Trd, 603154.000, 121
Trd, 603154.542, 144
Trd, 603154.667, 146
Trd, 603156.375, 149
Trd, 603156.792, 121
Trd, 603158.875, 142
Trd, 603159.375, 123
Trd, 603159.792, 121
Trd, 603160.083, 148
Trd, 603160.750, 136
Trd, 603162.250, 158
Trd, 603164.625, 166
Trd, 603164.958, 142
Trd, 603165.375, 110
Trd, 603165.958, 114
Trd, 603166.917, 110
Trd, 603167.875, 142
Trd, 603168.083, 150
Trd, 603169.417, 122
Trd, 603171.042, 144
Trd, 603171.083, 121
Trd, 603171.292, 109
Trd, 603172.000, 125
Trd, 603172.833, 146
Trd, 603174.625, 101
Trd, 603174.792, 129
Trd, 603176.292, 154
Trd, 603176.750, 149
Trd, 603177.208, 136
Trd, 603178.000, 133
Trd, 603179.208, 117
Trd, 603179.500, 119
Trd, 603180.833, 133
Trd, 603181.042, 142
Trd, 603181.208, 117
Trd, 603183.083, 111
Trd, 603185.042, 108
Trd, 603185.083, 109
Trd, 603185.375, 87
Trd, 603186.292, 116
Trd, 603186.750, 133
Trd, 603187.917, 141
Trd, 603188.333, 145
Trd, 603189.375, 111
Trd, 603189.583, 110
Trd, 603189.625, 76
Trd, 603190.125, 161
Trd, 603191.750, 107
Trd, 603193.042, 130
Trd, 603193.708, 105
Trd, 603195.125, 129
Trd, 603195.167, 127
Trd, 603195.583, 121
Trd, 603195.833, 115
Trd, 603198.500, 122
Trd, 603198.583, 144
Trd, 603199.000, 145
Trd, 603200.167, 143
Trd, 603201.083, 121
Trd, 603202.542, 109
Trd, 603204.208, 102
Trd, 603204.625, 116
Trd, 603207.333, 111
Trd, 603208.375, 133
Trd, 603210.083, 112
Trd, 603210.500, 111
Trd, 603210.750, 131
Trd, 603211.083, 149
Trd, 603211.750, 128
Trd, 603212.125, 141
Trd, 603212.792, 150
Trd, 603214.500, 112
Trd, 603215.167, 129
Trd, 603215.250, 98
Trd, 603216.458, 133
Trd, 603216.583, 135
Trd, 603216.667, 108
Trd, 603217.000, 145
Trd, 603219.083, 139
Trd, 603221.292, 131
Trd, 603222.083, 110
Trd, 603222.792, 133
Trd, 603223.208, 100
Trd, 603224.292, 111
Trd, 603225.625, 117
Trd, 603226.042, 133
Trd, 603226.375, 124
Trd, 603227.667, 108
Trd, 603228.750, 144
Trd, 603229.125, 137
Trd, 603229.167, 88
Trd, 603231.208, 108
Trd, 603232.125, 111
Trd, 603232.292, 104
Trd, 603233.708, 104
Trd, 603235.625, 142
Trd, 603235.917, 127
Trd, 603236.125, 144
Trd, 603237.292, 172
Trd, 603238.125, 112
Trd, 603238.292, 109
Trd, 603239.958, 169
Trd, 603240.125, 122
Trd, 603241.458, 150
Trd, 603242.542, 173
Trd, 603242.833, 132
Trd, 603242.917, 121
Trd, 603244.792, 110
Trd, 603245.417, 146
Trd, 603245.625, 111
Trd, 603245.667, 141
Trd, 603246.500, 168
Trd, 603248.375, 113
Trd, 603249.292, 131
Trd, 603250.208, 120
Trd, 603251.375, 134
Trd, 603253.750, 133
Trd, 603253.917, 115
Trd, 603253.958, 114
Trd, 603254.750, 145
Trd, 603255.167, 162
Trd, 603255.958, 110
Trd, 603256.208, 145
Trd, 603257.458, 103
Trd, 603259.042, 114
Trd, 603260.958, 148
Trd, 603262.208, 139
Trd, 603263.000, 144
Trd, 603263.208, 133
Trd, 603264.417, 124
Trd, 603264.625, 121
Trd, 603264.708, 136
Trd, 603265.417, 110
Trd, 603266.708, 148
Trd, 603267.417, 131
Trd, 603268.667, 163
Trd, 603268.792, 170
Trd, 603271.250, 120
Trd, 603271.625, 119
Trd, 603272.583, 110
Trd, 603272.917, 90
Trd, 603273.542, 148
Trd, 603274.000, 89
Trd, 603275.708, 128
Trd, 603277.958, 140
Trd, 603279.750, 123
Trd, 603279.792, 145
Trd, 603280.292, 121
Trd, 603282.458, 124
Trd, 603282.625, 111
Trd, 603283.625, 147
Trd, 603283.833, 109
Trd, 603284.708, 96
Trd, 603285.875, 100
Trd, 603286.500, 99
Trd, 603286.542, 173
Trd, 603289.792, 119
Trd, 603290.125, 143
Trd, 603290.583, 146
Trd, 603292.458, 120
Trd, 603293.042, 125
Trd, 603294.042, 147
Trd, 603294.708, 115
Trd, 603295.167, 114
Trd, 603297.542, 130
Trd, 603297.792, 113
Trd, 603297.833, 146
Trd, 603298.083, 110
Trd, 603299.375, 117
Trd, 603299.542, 143
Trd, 603299.667, 144
Trd, 603300.375, 126
Trd, 603300.417, 98
Trd, 603301.917, 138
Trd, 603302.833, 111
Trd, 603304.167, 116
Trd, 603307.042, 148
Trd, 603307.417, 141
Trd, 603308.250, 138
Trd, 603309.375, 122
Trd, 603309.583, 123
Trd, 603309.958, 127
Trd, 603310.458, 140
Trd, 603311.917, 121
Trd, 603312.542, 149
Trd, 603312.625, 130
Trd, 603314.375, 121
Trd, 603314.500, 110
Trd, 603315.083, 99
Trd, 603315.958, 158
Trd, 603316.750, 133
Trd, 603319.292, 117
Trd, 603319.875, 132
Trd, 603319.917, 116
Trd, 603320.000, 116
Trd, 603321.875, 145
Trd, 603323.000, 133
Trd, 603323.042, 121
Trd, 603323.583, 110
Trd, 603325.375, 138
Trd, 603325.458, 139
Trd, 603326.208, 134
Trd, 603328.542, 135
Trd, 603329.292, 113
Trd, 603329.750, 112
Trd, 603329.792, 110
Trd, 603331.250, 148
Trd, 603332.042, 110
Trd, 603332.333, 88
Trd, 603332.917, 171
Trd, 603333.208, 99
Trd, 603336.250, 147
Trd, 603336.417, 130
Trd, 603336.833, 126
Trd, 603337.167, 121
Trd, 603337.500, 154
Trd, 603338.375, 132
Trd, 603339.167, 116
Trd, 603339.792, 125
Trd, 603341.083, 112
Trd, 603345.542, 134
Trd, 603345.708, 133
Trd, 603345.917, 123
Trd, 603346.042, 121
Trd, 603346.083, 143
Trd, 603346.542, 145
Trd, 603348.750, 156
Trd, 603348.833, 121
Trd, 603349.542, 136
Trd, 603350.542, 111
Trd, 603351.375, 109
Trd, 603352.250, 105
Trd, 603352.500, 99
Trd, 603353.333, 133
Trd, 603354.250, 149
Trd, 603354.542, 119
Trd, 603355.583, 144
Trd, 603357.875, 120
Trd, 603358.958, 98
Trd, 603359.667, 154
Trd, 603360.458, 111
Trd, 603361.542, 152
Trd, 603362.042, 167
Trd, 603362.167, 112
Trd, 603362.250, 139
Trd, 603363.292, 153
Trd, 603364.750, 144
Trd, 603365.875, 121
Trd, 603366.208, 116
Trd, 603366.667, 105
Trd, 603367.833, 154
Trd, 603369.375, 147
Trd, 603369.625, 133
Trd, 603370.125, 125
Trd, 603371.875, 145
Trd, 603372.042, 110
Trd, 603373.708, 116
Trd, 603374.208, 140
Trd, 603375.250, 129
Trd, 603376.792, 108
Trd, 603376.833, 88
Trd, 603378.875, 133
Trd, 603379.792, 106
Trd, 603379.833, 102
Trd, 603379.958, 98
Trd, 603381.292, 155
Trd, 603382.333, 141
Trd, 603382.375, 137
Trd, 603382.542, 145
Trd, 603382.667, 136
Trd, 603384.000, 128
Trd, 603384.667, 133
Trd, 603385.125, 117
Trd, 603388.125, 112
Trd, 603388.333, 133
Trd, 603388.375, 146
Trd, 603388.500, 109
Trd, 603388.833, 109
Trd, 603390.917, 165
Trd, 603392.208, 130
Trd, 603393.625, 144
Trd, 603394.375, 98
Trd, 603396.125, 110
Trd, 603396.667, 145
Trd, 603398.000, 143
Trd, 603398.208, 133
Trd, 603398.750, 143
Trd, 603399.333, 108
Trd, 603401.500, 99
Trd, 603402.125, 145
Trd, 603402.667, 140
Trd, 603403.667, 163
Trd, 603403.833, 133
Trd, 603405.458, 116
Trd, 603406.417, 138
Trd, 603406.708, 139
Trd, 603407.833, 164
Trd, 603408.417, 113
Trd, 603409.042, 142
Trd, 603409.333, 145
Trd, 603411.958, 168
Trd, 603415.042, 126
Trd, 603415.167, 121
Trd, 603415.292, 136
Trd, 603416.292, 137
Trd, 603416.500, 115
Trd, 603417.000, 110
Trd, 603417.750, 99
Trd, 603418.542, 113
Trd, 603419.958, 133
Trd, 603420.375, 145
Trd, 603420.542, 109
Trd, 603421.708, 139
Trd, 603423.167, 125
Trd, 603423.208, 121
Trd, 603423.542, 127
Trd, 603423.708, 154
Trd, 603425.375, 101
Trd, 603425.542, 121
Trd, 603426.458, 111
Trd, 603427.958, 167
Trd, 603428.042, 109
Trd, 603429.083, 144
Trd, 603430.458, 113
Trd, 603430.583, 116
Trd, 603432.583, 151
Trd, 603433.083, 116
Trd, 603433.792, 153
Trd, 603434.375, 142
Trd, 603435.708, 118
Trd, 603436.625, 153
Trd, 603436.833, 117
Trd, 603437.583, 135
Trd, 603438.917, 125
Trd, 603439.583, 124
Trd, 603440.750, 121
Trd, 603441.833, 143
Trd, 603442.042, 135
Trd, 603443.000, 110
Trd, 603443.042, 113
Trd, 603443.417, 146
Trd, 603444.417, 146
Trd, 603445.875, 161
Trd, 603446.750, 147
Trd, 603449.167, 123
Trd, 603449.250, 121
Trd, 603449.458, 165
Trd, 603451.208, 133
Trd, 603452.917, 133
Trd, 603453.125, 147
Trd, 603453.250, 170
Trd, 603454.167, 121
Trd, 603455.875, 113
Trd, 603456.042, 112
Trd, 603456.583, 121
Trd, 603456.958, 110
Trd, 603458.000, 116
Trd, 603459.083, 148
Trd, 603459.667, 142
Trd, 603461.000, 158
Trd, 603461.042, 156
Trd, 603461.292, 133
Trd, 603462.000, 144
Trd, 603462.500, 110
Trd, 603462.792, 134
Trd, 603462.833, 97
Trd, 603464.583, 159
Trd, 603464.792, 133
Trd, 603467.167, 142
Trd, 603467.625, 145
Trd, 603468.583, 112
Trd, 603469.333, 111
Trd, 603469.917, 147
Trd, 603471.000, 146
Trd, 603471.750, 146
Trd, 603472.958, 134
Trd, 603473.875, 145
Trd, 603474.208, 133
Trd, 603475.458, 121
Trd, 603475.875, 143
Trd, 603476.375, 125
Trd, 603477.875, 111
Trd, 603479.417, 110
Trd, 603479.833, 115
Trd, 603480.083, 112
Trd, 603481.167, 133
Trd, 603482.125, 110
Trd, 603482.667, 116
Trd, 603483.458, 99
Trd, 603483.750, 147
Trd, 603486.667, 114
Trd, 603487.042, 111
Trd, 603487.875, 144
Trd, 603489.542, 128
Trd, 603489.625, 122
Trd, 603490.458, 124
Trd, 603491.167, 144
Trd, 603491.458, 143
Trd, 603494.000, 147
Trd, 603494.250, 126
Trd, 603494.667, 124
Trd, 603495.458, 134
Trd, 603495.958, 112
Trd, 603497.583, 142
Trd, 603497.792, 113
Trd, 603498.667, 170
Trd, 603498.833, 110
Trd, 603499.625, 139
Trd, 603500.792, 145
Trd, 603502.500, 111
Trd, 603503.333, 130
Trd, 603504.125, 131
Trd, 603504.417, 133
Trd, 603506.708, 111
Trd, 603507.083, 126
Trd, 603507.417, 109
Trd, 603508.208, 97
Trd, 603508.292, 87
Trd, 603508.917, 142
Trd, 603509.458, 98
Trd, 603511.167, 133
Trd, 603513.208, 129
Trd, 603513.875, 149
Trd, 603514.875, 109
Trd, 603515.625, 144
Trd, 603515.667, 94
Trd, 603516.833, 157
Trd, 603519.458, 117
Trd, 603519.917, 111
Trd, 603520.625, 133
Trd, 603520.750, 108
Trd, 603521.667, 125
Trd, 603523.958, 97
Trd, 603524.042, 117
Trd, 603525.000, 113
Trd, 603527.292, 108
Trd, 603527.625, 82
Trd, 603528.250, 94
Trd, 603529.250, 145
Trd, 603530.000, 155
Trd, 603530.208, 166
Trd, 603531.042, 124
Trd, 603531.833, 139
Trd, 603532.458, 146
Trd, 603532.833, 173
Trd, 603533.042, 121
Trd, 603534.042, 110
Trd, 603534.917, 163
Trd, 603536.708, 111
Trd, 603538.458, 147
Trd, 603538.542, 137
Trd, 603538.917, 108
Trd, 603540.125, 159
Trd, 603540.583, 166
Trd, 603541.333, 112
Trd, 603542.833, 147
Trd, 603543.458, 147
Trd, 603544.375, 115
Trd, 603545.667, 111
Trd, 603546.958, 144
Trd, 603547.708, 142
Trd, 603547.875, 170
Trd, 603550.375, 111
Trd, 603551.333, 144
Trd, 603551.750, 158
Trd, 603552.125, 121
Trd, 603554.542, 147
Trd, 603554.667, 112
Trd, 603555.042, 167
Trd, 603555.250, 83
Trd, 603556.917, 109
Trd, 603557.083, 104
Trd, 603559.417, 132
Trd, 603560.292, 146
Trd, 603561.083, 108
Trd, 603561.167, 96
Trd, 603562.458, 127
Trd, 603562.833, 144
Trd, 603563.500, 102
Trd, 603563.958, 98
Trd, 603565.750, 120
Trd, 603566.125, 131
Trd, 603567.000, 109
Trd, 603567.125, 133
Trd, 603568.875, 121
Trd, 603570.125, 133
Trd, 603570.417, 144
Trd, 603570.500, 133
Trd, 603572.375, 106
Trd, 603572.500, 149
Trd, 603574.542, 170
Trd, 603574.708, 103
Trd, 603575.292, 135
Trd, 603578.000, 112
Trd, 603578.250, 143
Trd, 603579.083, 111
Trd, 603579.375, 123
Trd, 603579.708, 108
Trd, 603582.708, 110
Trd, 603582.792, 101
Trd, 603583.292, 148
Trd, 603583.792, 124
Trd, 603584.333, 130
Trd, 603584.458, 103
Trd, 603584.917, 103
Trd, 603585.208, 149
Trd, 603586.250, 167
Trd, 603587.250, 142
Trd, 603587.417, 121
Trd, 603589.625, 124
Trd, 603591.208, 120
Trd, 603591.333, 113
Trd, 603591.833, 117
Trd, 603592.292, 164
Trd, 603593.458, 162
Trd, 603594.083, 110
Trd, 603595.208, 100
Trd, 603596.417, 121
Trd, 603596.792, 143
Trd, 603597.042, 135
Trd, 603597.625, 112
Trd, 603598.667, 109
Trd, 603599.042, 144
Trd, 603599.083, 131
Trd, 603599.125, 168
Trd, 603601.500, 158
Trd, 603603.417, 113
Trd, 603603.667, 158
Trd, 603604.000, 171
Trd, 603604.250, 121
Trd, 603604.458, 113
Trd, 603605.333, 130
Trd, 603606.625, 106
Trd, 603608.750, 127
Trd, 603609.542, 124
Trd, 603609.583, 121
Trd, 603609.833, 143
Trd, 603610.667, 112
Trd, 603610.958, 115
Trd, 603612.250, 110
Trd, 603612.583, 167
Trd, 603613.167, 157
Trd, 603614.708, 139
Trd, 603614.875, 149
Trd, 603615.458, 122
Trd, 603616.417, 166
Trd, 603616.833, 124
Trd, 603620.208, 145
Trd, 603620.583, 170
Trd, 603620.958, 142
Trd, 603622.250, 121
Trd, 603622.375, 110
Trd, 603623.042, 124
Trd, 603624.417, 135
Trd, 603624.625, 135
Trd, 603626.375, 130
Trd, 603627.042, 141
Trd, 603627.167, 133
Trd, 603627.750, 121
Trd, 603628.208, 146
Trd, 603629.917, 119
Trd, 603632.958, 135
Trd, 603633.000, 109
Trd, 603634.083, 151
Trd, 603635.542, 140
Trd, 603635.875, 134
Trd, 603637.208, 118
Trd, 603639.458, 142
Trd, 603640.000, 126
Trd, 603640.833, 144
Trd, 603641.417, 110
Trd, 603644.250, 169
Trd, 603644.500, 168
Trd, 603645.208, 122
Trd, 603646.250, 121
Trd, 603646.708, 138
Trd, 603647.583, 99
Trd, 603648.125, 117
Trd, 603648.917, 145
Trd, 603650.917, 140
Trd, 603651.375, 122
Trd, 603651.417, 159
Trd, 603652.208, 121
Trd, 603652.958, 134
Trd, 603653.375, 110
Trd, 603655.708, 147
Trd, 603657.708, 147
Trd, 603658.958, 115
Trd, 603659.292, 99
Trd, 603659.375, 87
Trd, 603659.542, 76
Trd, 603660.167, 171
Trd, 603660.417, 115
Trd, 603662.375, 144
Trd, 603664.042, 164
Trd, 603664.750, 133
Trd, 603665.708, 121
Trd, 603666.583, 160
Trd, 603667.042, 162
Trd, 603667.125, 99
Trd, 603668.917, 132
Trd, 603669.042, 121
Trd, 603669.125, 133
Trd, 603670.208, 109
Trd, 603672.292, 99
Trd, 603672.375, 99
Trd, 603672.417, 133
Trd, 603672.542, 145
Trd, 603675.333, 135
Trd, 603675.375, 146
Trd, 603675.833, 168
Trd, 603676.875, 108
Trd, 603678.292, 139
Trd, 603679.875, 122
Trd, 603680.250, 143
Trd, 603680.833, 121
Trd, 603681.083, 144
Trd, 603681.625, 109
Trd, 603682.667, 112
Trd, 603683.667, 147
Trd, 603684.250, 148
Trd, 603685.458, 99
Trd, 603687.458, 130
Trd, 603688.917, 125
Trd, 603689.583, 130
Trd, 603689.708, 133
Trd, 603690.833, 110
Trd, 603691.542, 97
Trd, 603691.833, 145
Trd, 603692.000, 147
Trd, 603692.708, 86
Trd, 603694.708, 107
Trd, 603695.917, 111
Trd, 603696.000, 100
Trd, 603696.833, 102
Trd, 603698.875, 133
Trd, 603699.000, 149
Trd, 603699.583, 110
Trd, 603699.792, 135
Trd, 603700.875, 132
Trd, 603703.333, 109
Trd, 603703.667, 144
Trd, 603704.917, 112
Trd, 603705.708, 134
Trd, 603706.375, 134
Trd, 603706.833, 144
Trd, 603708.000, 133
Trd, 603708.042, 143
Trd, 603708.083, 132
Trd, 603710.083, 115
Trd, 603712.083, 108
Trd, 603712.125, 99
Trd, 603712.333, 148
Trd, 603713.792, 114
Trd, 603714.833, 144
Trd, 603716.083, 144
Trd, 603716.125, 133
Trd, 603716.792, 120
Trd, 603718.625, 130
Trd, 603719.125, 115
Trd, 603719.167, 114
Trd, 603719.333, 142
Trd, 603721.292, 111
Trd, 603721.667, 145
Trd, 603723.833, 152
Trd, 603724.083, 108
Trd, 603725.375, 152
Trd, 603725.458, 121
Trd, 603726.333, 124
Trd, 603727.625, 131
Trd, 603728.458, 143
Trd, 603729.083, 111
Trd, 603730.042, 152
Trd, 603730.625, 144
Trd, 603731.583, 119
Trd, 603732.333, 109
Trd, 603733.833, 167
Trd, 603734.875, 135
Trd, 603735.167, 138
Trd, 603735.625, 162
Trd, 603738.750, 160
Trd, 603739.000, 143
Trd, 603739.625, 126
Trd, 603739.958, 130
Trd, 603740.333, 121
Trd, 603741.750, 122
Trd, 603742.792, 121
Trd, 603743.917, 109
Trd, 603744.625, 128
Trd, 603745.333, 129
Trd, 603745.708, 133
Trd, 603746.042, 145
Trd, 603746.667, 126
Trd, 603747.333, 121
Trd, 603748.208, 127
Trd, 603749.042, 110
Trd, 603749.583, 143
Trd, 603750.375, 110
Trd, 603750.708, 102
Trd, 603751.875, 138
Trd, 603752.583, 145
Trd, 603752.708, 102
Trd, 603754.667, 152
Trd, 603754.708, 147
Trd, 603756.583, 146
Trd, 603757.667, 133
Trd, 603758.792, 121
Trd, 603760.583, 143
Trd, 603760.917, 137
Trd, 603761.958, 139
Trd, 603762.417, 133
Trd, 603762.875, 170
Trd, 603763.375, 113
Trd, 603763.417, 146
Trd, 603764.208, 110
Trd, 603764.792, 99
Trd, 603765.958, 101
Trd, 603768.875, 139
Trd, 603769.542, 143
Trd, 603769.750, 137
Trd, 603770.042, 133
Trd, 603770.917, 122
Trd, 603772.042, 130
Trd, 603773.625, 136
Trd, 603774.333, 121
Trd, 603774.625, 130
Trd, 603774.917, 111
Trd, 603775.417, 143
Trd, 603775.875, 146
Trd, 603778.083, 119
Trd, 603778.708, 138
Trd, 603779.542, 155
Trd, 603780.208, 110
Trd, 603782.042, 145
Trd, 603783.042, 133
Trd, 603783.250, 121
Trd, 603783.958, 145
Trd, 603784.208, 98
Trd, 603786.083, 167
Trd, 603786.458, 145
Trd, 603786.958, 121
Trd, 603788.042, 150
Trd, 603789.208, 171
Trd, 603789.250, 133
Trd, 603791.083, 133
Trd, 603791.875, 143
Trd, 603792.750, 121
Trd, 603794.042, 135
Trd, 603795.375, 146
Trd, 603795.500, 128
Trd, 603796.542, 171
Trd, 603797.167, 121
Trd, 603798.708, 168
Trd, 603798.833, 112
Trd, 603798.875, 111
Trd, 603800.083, 116
Trd, 603800.625, 146
Trd, 603801.750, 152
Trd, 603804.458, 131
Trd, 603805.667, 124
Trd, 603806.083, 122
Trd, 603806.292, 110
Trd, 603808.500, 144
Trd, 603809.625, 142
Trd, 603809.875, 121
Trd, 603811.708, 110
Trd, 603812.292, 143
Trd, 603813.417, 117
Trd, 603813.458, 108
Trd, 603814.083, 173
Trd, 603815.458, 119
Trd, 603816.333, 116
Trd, 603816.917, 133
Trd, 603817.833, 121
Trd, 603818.417, 167
Trd, 603819.375, 140
Trd, 603820.208, 123
Trd, 603820.583, 121
Trd, 603822.500, 112
Trd, 603823.542, 144
Trd, 603823.583, 149
Trd, 603824.625, 171
Trd, 603826.083, 153
Trd, 603827.000, 144
Trd, 603827.125, 133
Trd, 603827.167, 110
Trd, 603829.125, 141
Trd, 603829.333, 110
Trd, 603829.792, 135
Trd, 603832.875, 100
Trd, 603833.417, 144
Trd, 603834.542, 105
Trd, 603835.000, 100
Trd, 603835.833, 98
Trd, 603837.208, 143
Trd, 603837.417, 147
Trd, 603838.583, 152
Trd, 603839.292, 133
Trd, 603839.875, 123
Trd, 603842.083, 141
Trd, 603842.292, 121
Trd, 603843.292, 132
Trd, 603843.583, 121
Trd, 603845.042, 133
Trd, 603845.917, 108
Trd, 603846.625, 149
Trd, 603847.167, 169
Trd, 603847.250, 107
Trd, 603847.792, 102
Trd, 603848.542, 104
Trd, 603850.000, 113
Trd, 603851.542, 167
Trd, 603852.167, 174
Trd, 603852.208, 134
Trd, 603853.000, 133
Trd, 603853.083, 121
Trd, 603855.292, 144
Trd, 603855.667, 143
Trd, 603855.833, 137
Trd, 603856.292, 133
Trd, 603858.708, 131
Trd, 603859.125, 121
Trd, 603860.167, 119
Trd, 603860.208, 110
Trd, 603860.958, 111
Trd, 603861.375, 145
Trd, 603861.792, 167
Trd, 603864.167, 127
Trd, 603864.292, 100
Trd, 603864.542, 111
Trd, 603864.958, 96
Trd, 603865.917, 103
Trd, 603866.083, 133
Trd, 603870.333, 133
Trd, 603870.625, 145
Trd, 603870.833, 148
Trd, 603871.500, 166
Trd, 603871.625, 121
Trd, 603872.750, 110
Trd, 603873.458, 99
Trd, 603873.958, 144
Trd, 603874.708, 90
Trd, 603876.833, 122
Trd, 603877.167, 130
Trd, 603877.583, 89
Trd, 603878.333, 93
Trd, 603879.333, 110
Trd, 603879.583, 143
Trd, 603882.208, 145
Trd, 603882.333, 144
Trd, 603882.667, 128
Trd, 603883.583, 121
Trd, 603884.417, 140
Trd, 603884.542, 111
Trd, 603885.208, 118
Trd, 603885.667, 149
Trd, 603886.167, 96
Trd, 603887.708, 109
Trd, 603887.750, 108
Trd, 603888.375, 123
Trd, 603890.500, 138
Trd, 603891.083, 139
Trd, 603892.208, 133
Trd, 603893.875, 146
Trd, 603894.083, 148
Trd, 603894.458, 121
Trd, 603894.750, 99
Trd, 603895.458, 93
Trd, 603895.833, 152
Trd, 603897.792, 111
Trd, 603898.792, 115
Trd, 603901.167, 131
Trd, 603901.917, 121
Trd, 603902.417, 144
Trd, 603902.667, 111
Trd, 603904.000, 158
Trd, 603905.000, 170
Trd, 603905.167, 146
Trd, 603905.583, 155
Trd, 603905.875, 163
Trd, 603907.417, 118
Trd, 603907.458, 145
Trd, 603908.000, 111
Trd, 603908.875, 125
Trd, 603909.458, 121
Trd, 603909.542, 108
Trd, 603911.375, 145
Trd, 603911.750, 169
Trd, 603912.167, 142
Trd, 603913.500, 133
Trd, 603914.167, 121
Trd, 603916.083, 137
Trd, 603916.333, 110
Trd, 603917.417, 98
Trd, 603917.583, 145
Trd, 603918.208, 146
Trd, 603920.208, 153
Trd, 603920.292, 146
Trd, 603921.750, 143
Trd, 603921.833, 146
Trd, 603922.667, 167
Trd, 603923.292, 122
Trd, 603923.500, 121
Trd, 603924.208, 112
Trd, 603924.958, 133
Trd, 603926.750, 110
Trd, 603926.792, 99
Trd, 603927.875, 122
Trd, 603928.417, 147
Trd, 603928.667, 143
Trd, 603929.583, 155
Trd, 603930.375, 121
Trd, 603931.833, 139
Trd, 603932.750, 170
Trd, 603933.292, 153
Trd, 603933.667, 121
Trd, 603934.333, 119
Trd, 603934.625, 110
Trd, 603935.833, 145
Trd, 603937.000, 142
Trd, 603938.292, 136
Trd, 603938.500, 147
Trd, 603938.708, 133
Trd, 603939.000, 121
Trd, 603940.667, 131
Trd, 603941.167, 133
Trd, 603942.375, 133
Trd, 603942.500, 145
Trd, 603943.042, 110
Trd, 603945.083, 111
Trd, 603945.667, 144
Trd, 603947.125, 128
Trd, 603947.417, 121
Trd, 603948.083, 144
Trd, 603949.042, 144
Trd, 603949.667, 111
Trd, 603950.083, 110
Trd, 603950.542, 97
Trd, 603951.333, 155
Trd, 603951.958, 168
Trd, 603952.917, 101
Trd, 603953.458, 109
Trd, 603955.292, 121
Trd, 603956.708, 124
Trd, 603957.250, 111
Trd, 603957.500, 133
Trd, 603957.875, 110
Trd, 603959.333, 102
Trd, 603960.833, 140
Trd, 603962.000, 143
Trd, 603962.208, 141
Trd, 603962.333, 105
Trd, 603963.542, 142
Trd, 603964.625, 144
Trd, 603965.167, 135
Trd, 603965.875, 114
Trd, 603966.500, 101
Trd, 603968.875, 110
Trd, 603970.000, 119
Trd, 603970.333, 111
Trd, 603971.417, 133
Trd, 603971.917, 145
Trd, 603972.292, 100
Trd, 603973.458, 115
Trd, 603973.875, 120
Trd, 603976.417, 127
Trd, 603979.125, 143
Trd, 603979.292, 110
Trd, 603979.375, 110
Trd, 603979.708, 123
Trd, 603980.917, 147
Trd, 603982.083, 100
Trd, 603984.083, 116
Trd, 603984.250, 129
Trd, 603984.792, 110
Trd, 603984.875, 100
Trd, 603985.875, 151
Trd, 603986.667, 100
Trd, 603987.042, 110
Trd, 603987.375, 101
Trd, 603990.000, 125
Trd, 603991.250, 159
Trd, 603991.292, 121
Trd, 603991.833, 114
Trd, 603994.375, 143
Trd, 603995.167, 145
Trd, 603995.542, 167
Trd, 603995.958, 133
Trd, 603997.667, 110
Trd, 603998.000, 115
Trd, 604000.375, 147
Trd, 604000.833, 126
Trd, 604002.333, 122
Trd, 604002.458, 130
Trd, 604002.750, 99
Trd, 604003.083, 156
Trd, 604003.917, 101
Trd, 604004.083, 137
Trd, 604004.500, 144
Trd, 604005.000, 131
Trd, 604007.500, 125
Trd, 604008.167, 144
Trd, 604009.917, 133
Trd, 604010.917, 139
Trd, 604011.333, 112
Trd, 604012.333, 99
Trd, 604015.125, 129
Trd, 604016.500, 123
Trd, 604017.417, 151
Trd, 604018.875, 159
Trd, 604018.958, 110
Trd, 604020.333, 117
Trd, 604020.667, 136
Trd, 604021.125, 113
Trd, 604021.667, 113
Trd, 604022.708, 100
Trd, 604024.083, 100
Trd, 604024.542, 114
Trd, 604025.833, 144
Trd, 604026.958, 144
Trd, 604027.292, 160
Trd, 604029.792, 173
Trd, 604030.042, 145
Trd, 604031.125, 167
Trd, 604031.417, 133
Trd, 604031.458, 136
Trd, 604031.917, 111
Trd, 604033.333, 114
Trd, 604034.333, 137
Trd, 604034.792, 110
Trd, 604035.000, 99
Trd, 604038.125, 113
Trd, 604038.250, 112
Trd, 604038.333, 116
Trd, 604039.708, 148
Trd, 604041.000, 132
Trd, 604043.208, 165
Trd, 604043.542, 137
Trd, 604044.417, 121
Trd, 604045.667, 149
Trd, 604046.292, 140
Trd, 604049.250, 114
Trd, 604049.625, 125
Trd, 604049.875, 133
Trd, 604050.708, 109
Trd, 604051.792, 144
Trd, 604052.417, 145
Trd, 604053.750, 167
Trd, 604054.500, 133
Trd, 604054.917, 121
Trd, 604056.125, 148
Trd, 604056.833, 117
Trd, 604058.625, 147
Trd, 604058.958, 133
Trd, 604059.958, 142
Trd, 604060.500, 137
Trd, 604061.000, 133
Trd, 604062.125, 144
Trd, 604062.875, 146
Trd, 604064.125, 133
Trd, 604064.375, 128
Trd, 604066.083, 121
Trd, 604067.458, 115
Trd, 604067.708, 133
Trd, 604069.083, 146
Trd, 604069.750, 162
Trd, 604070.292, 122
Trd, 604071.292, 121
Trd, 604071.792, 139
Trd, 604073.292, 110
Trd, 604073.833, 100
Trd, 604074.625, 101
Trd, 604076.208, 143
Trd, 604077.375, 141
Trd, 604079.167, 136
Trd, 604079.250, 121
Trd, 604080.375, 112
Trd, 604082.500, 164
Trd, 604082.833, 109
Trd, 604083.458, 155
Trd, 604084.208, 145
Trd, 604084.625, 133
Trd, 604085.125, 153
Trd, 604086.917, 153
Trd, 604087.083, 133
Trd, 604088.833, 126
Trd, 604089.333, 137
Trd, 604090.667, 112
Trd, 604092.042, 112
Trd, 604092.667, 147
Trd, 604093.250, 142
Trd, 604094.417, 110
Trd, 604096.500, 113
Trd, 604097.458, 137
Trd, 604099.167, 131
Trd, 604099.833, 140
Trd, 604100.083, 144
Trd, 604102.083, 143
Trd, 604102.167, 163
Trd, 604102.250, 135
Trd, 604104.375, 143
Trd, 604104.917, 133
Trd, 604105.250, 113
Trd, 604106.167, 100
Trd, 604106.833, 112
Trd, 604107.875, 109
Trd, 604109.333, 108
Trd, 604109.750, 145
Trd, 604111.958, 126
Trd, 604112.208, 130
Trd, 604112.417, 107
Trd, 604113.833, 118
Trd, 604113.875, 142
Trd, 604115.333, 107
Trd, 604116.583, 143
Trd, 604117.875, 116
Trd, 604118.667, 110
Trd, 604118.917, 112
Trd, 604121.042, 112
Trd, 604121.417, 120
Trd, 604121.792, 110
Trd, 604122.167, 133
Trd, 604124.167, 146
Trd, 604124.917, 155
Trd, 604125.167, 133
Trd, 604125.208, 121
Trd, 604126.042, 111
Trd, 604127.833, 110
Trd, 604128.958, 134
Trd, 604129.583, 129
Trd, 604130.000, 160
Trd, 604131.208, 116
Trd, 604131.250, 110
Trd, 604131.292, 99
Trd, 604134.000, 144
Trd, 604134.167, 142
Trd, 604135.208, 151
Trd, 604137.125, 139
Trd, 604137.250, 144
Trd, 604137.708, 139
Trd, 604137.917, 133
Trd, 604138.708, 141
Trd, 604139.375, 121
Trd, 604139.708, 153
Trd, 604141.375, 111
Trd, 604142.292, 114
Trd, 604142.750, 110
Trd, 604143.833, 152
Trd, 604144.292, 110
Trd, 604145.375, 168
Trd, 604146.833, 133
Trd, 604147.875, 121
Trd, 604148.250, 132
Trd, 604149.625, 142
Trd, 604150.167, 144
Trd, 604150.875, 133
Trd, 604152.792, 110
Trd, 604154.208, 124
Trd, 604155.083, 166
Trd, 604155.917, 143
Trd, 604156.708, 124
Trd, 604156.917, 121
Trd, 604158.333, 153
Trd, 604159.708, 135
Trd, 604160.333, 138
Trd, 604161.208, 164
Trd, 604162.042, 121
Trd, 604162.250, 94
Trd, 604164.208, 109
Trd, 604164.750, 112
Trd, 604166.542, 123
Trd, 604167.083, 141
Trd, 604168.292, 144
Trd, 604169.167, 121
Trd, 604170.542, 165
Trd, 604171.417, 119
Trd, 604172.292, 139
Trd, 604173.208, 134
Trd, 604173.958, 145
Trd, 604175.458, 114
Trd, 604178.000, 115
Trd, 604178.333, 114
Trd, 604178.792, 133
Trd, 604180.208, 126
Trd, 604180.542, 118
Trd, 604180.917, 136
Trd, 604182.167, 117
Trd, 604184.167, 131
Trd, 604185.958, 141
Trd, 604186.042, 112
Trd, 604186.458, 126
Trd, 604186.583, 148
Trd, 604188.542, 127
Trd, 604188.667, 100
Trd, 604188.875, 155
Trd, 604189.750, 113
Trd, 604190.833, 108
Trd, 604192.042, 122
Trd, 604194.333, 137
Trd, 604194.583, 133
Trd, 604194.625, 110
Trd, 604194.750, 147
Trd, 604195.750, 154
Trd, 604198.208, 166
Trd, 604198.583, 108
Trd, 604198.833, 97
Trd, 604199.208, 87
Trd, 604199.917, 116
Trd, 604202.042, 146
Trd, 604202.708, 121
Trd, 604202.958, 160
Trd, 604204.292, 120
Trd, 604205.917, 131
Trd, 604206.417, 145
Trd, 604207.292, 133
Trd, 604208.000, 131
Trd, 604208.708, 130
Trd, 604208.792, 121
Trd, 604208.958, 110
Trd, 604209.167, 146
Trd, 604209.417, 99
Trd, 604210.292, 105
Trd, 604211.917, 99
Trd, 604213.167, 125
Trd, 604213.583, 133
Trd, 604213.667, 131
Trd, 604215.125, 141
Trd, 604215.833, 107
Trd, 604216.292, 147
Trd, 604216.708, 140
Trd, 604219.000, 103
Trd, 604219.125, 102
Trd, 604220.542, 132
Trd, 604221.000, 110
Trd, 604221.125, 123
Trd, 604221.958, 145
Trd, 604222.167, 99
Trd, 604222.750, 94
Trd, 604225.083, 115
Trd, 604226.208, 112
Trd, 604226.458, 119
Trd, 604228.417, 111
Trd, 604229.208, 109
Trd, 604230.208, 124
Trd, 604231.708, 144
Trd, 604232.542, 129
Trd, 604233.167, 136
Trd, 604233.417, 123
Trd, 604233.750, 98
Trd, 604235.167, 135
Trd, 604238.083, 159
Trd, 604238.375, 155
Trd, 604238.625, 121
Trd, 604239.042, 120
Trd, 604239.333, 164
Trd, 604239.417, 119
Trd, 604239.667, 152
Trd, 604240.875, 110
Trd, 604243.750, 99
Trd, 604244.250, 133
Trd, 604244.625, 144
Trd, 604245.125, 126
Trd, 604246.208, 156
Trd, 604247.417, 121
Trd, 604247.583, 144
Trd, 604249.208, 111
Trd, 604249.583, 115
Trd, 604249.917, 110
Trd, 604250.083, 139
Trd, 604251.875, 154
Trd, 604252.208, 121
Trd, 604252.708, 146
Trd, 604253.750, 168
Trd, 604255.458, 110
Trd, 604256.583, 110
Trd, 604258.042, 101
Trd, 604258.208, 126
Trd, 604259.083, 114
Trd, 604259.625, 98
Trd, 604259.917, 133
Trd, 604262.458, 116
Trd, 604262.542, 111
Trd, 604263.917, 107
Trd, 604264.167, 146
Trd, 604264.875, 137
Trd, 604265.042, 133
Trd, 604265.458, 119
Trd, 604267.167, 164
Trd, 604268.583, 110
Trd, 604269.000, 144
Trd, 604269.792, 109
Trd, 604270.708, 142
Trd, 604271.500, 133
Trd, 604272.125, 170
Trd, 604273.125, 110
Trd, 604274.792, 148
Trd, 604276.167, 121
Trd, 604276.917, 110
Trd, 604277.292, 148
Trd, 604277.708, 138
Trd, 604277.875, 134
Trd, 604278.167, 133
Trd, 604280.667, 143
Trd, 604281.500, 138
Trd, 604282.042, 124
Trd, 604282.292, 121
Trd, 604283.125, 167
Trd, 604284.417, 111
Trd, 604285.125, 111
Trd, 604286.042, 143
Trd, 604287.167, 110
Trd, 604288.625, 99
Trd, 604290.292, 139
Trd, 604290.458, 133
Trd, 604291.625, 150
Trd, 604292.292, 147
Trd, 604292.750, 110
Trd, 604294.250, 134
Trd, 604294.917, 110
Trd, 604295.167, 100
Trd, 604295.625, 145
Trd, 604297.125, 163
Trd, 604297.250, 155
Trd, 604298.667, 141
Trd, 604298.917, 147
Trd, 604299.417, 159
Trd, 604299.750, 133
Trd, 604299.917, 121
Trd, 604300.417, 143
Trd, 604302.042, 137
Trd, 604302.250, 133
Trd, 604302.875, 96
Trd, 604304.042, 170
Trd, 604305.083, 111
Trd, 604305.542, 144
Trd, 604306.333, 155
Trd, 604308.625, 115
Trd, 604309.875, 149
Trd, 604310.583, 136
Trd, 604311.167, 117
Trd, 604311.667, 149
Trd, 604312.125, 116
Trd, 604312.583, 143
Trd, 604313.792, 110
Trd, 604314.667, 135
Trd, 604316.417, 126
Trd, 604316.625, 133
Trd, 604317.000, 154
Trd, 604317.292, 118
Trd, 604318.625, 111
Trd, 604319.667, 112
Trd, 604320.417, 124
Trd, 604322.375, 117
Trd, 604322.417, 104
Trd, 604322.458, 129
Trd, 604323.333, 132
Trd, 604325.833, 138
Trd, 604326.750, 136
Trd, 604327.333, 141
Trd, 604329.292, 152
Trd, 604329.542, 156
Trd, 604329.958, 113
Trd, 604330.792, 109
Trd, 604332.125, 100
Trd, 604332.667, 119
Trd, 604333.042, 99
Trd, 604333.542, 100
Trd, 604334.042, 127
Trd, 604334.417, 100
Trd, 604334.875, 147
Trd, 604334.958, 168
Trd, 604335.667, 144
Trd, 604337.417, 154
Trd, 604338.583, 121
Trd, 604338.667, 109
Trd, 604340.417, 143
Trd, 604340.542, 122
Trd, 604341.417, 160
Trd, 604343.750, 117
Trd, 604344.625, 121
Trd, 604345.875, 119
Trd, 604346.208, 109
Trd, 604346.833, 128
Trd, 604346.875, 143
Trd, 604348.167, 109
Trd, 604349.250, 153
Trd, 604349.792, 101
Trd, 604352.458, 120
Trd, 604353.250, 144
Trd, 604354.542, 109
Trd, 604355.000, 109
Trd, 604355.792, 117
Trd, 604356.167, 106
Trd, 604357.250, 109
Trd, 604357.625, 133
Trd, 604358.542, 147
Trd, 604358.875, 165
Trd, 604359.083, 87
Trd, 604360.042, 167
Trd, 604362.292, 158
Trd, 604362.708, 133
Trd, 604362.958, 121
Trd, 604363.542, 133
Trd, 604364.542, 106
Trd, 604364.792, 138
Trd, 604365.542, 167
Trd, 604367.333, 144
Trd, 604367.667, 122
Trd, 604368.042, 122
Trd, 604369.875, 149
Trd, 604369.917, 147
Trd, 604370.042, 121
Trd, 604370.625, 178
Trd, 604371.333, 112
Trd, 604371.875, 111
Trd, 604372.792, 129
Trd, 604373.958, 133
Trd, 604374.083, 110
Trd, 604375.792, 144
Trd, 604376.417, 111
Trd, 604376.667, 152
Trd, 604376.833, 135
Trd, 604378.542, 106
Trd, 604379.958, 94
Trd, 604381.083, 142
Trd, 604381.708, 102
Trd, 604382.000, 145
Trd, 604382.042, 150
Trd, 604382.167, 167
Trd, 604384.042, 141
Trd, 604385.000, 127
Trd, 604385.250, 144
Trd, 604385.583, 150
Trd, 604386.500, 142
Trd, 604387.667, 149
Trd, 604389.042, 160
Trd, 604389.208, 122
Trd, 604389.958, 121
Trd, 604391.375, 109
Trd, 604392.125, 108
Trd, 604392.625, 133
Trd, 604393.375, 129
Trd, 604393.792, 166
Trd, 604397.167, 123
Trd, 604398.458, 121
Trd, 604399.042, 114
Trd, 604400.375, 155
Trd, 604400.708, 156
Trd, 604401.917, 133
Trd, 604402.875, 110
Trd, 604403.792, 109
Trd, 604404.167, 144
Trd, 604405.208, 142
Trd, 604405.500, 99
Trd, 604406.667, 118
Trd, 604408.917, 117
Trd, 604409.125, 113
Trd, 604409.833, 120
Trd, 604411.125, 110
Trd, 604412.333, 162
Trd, 604413.500, 146
Trd, 604414.125, 133
Trd, 604414.958, 167
Trd, 604415.750, 160
Trd, 604415.917, 121
Trd, 604416.125, 105
Trd, 604416.333, 99
Trd, 604417.583, 120
Trd, 604418.042, 89
Trd, 604418.292, 133
Trd, 604420.000, 144
Trd, 604420.750, 113
Trd, 604421.458, 112
Trd, 604422.458, 110
Trd, 604423.833, 151
Trd, 604425.625, 162
Trd, 604425.792, 129
Trd, 604426.417, 121
Trd, 604429.083, 111
Trd, 604429.375, 110
Trd, 604430.375, 136
Trd, 604430.625, 124
Trd, 604431.833, 147
Trd, 604432.167, 140
Trd, 604432.958, 142
Trd, 604433.958, 133
Trd, 604434.250, 121
Trd, 604434.917, 145
Trd, 604435.792, 121
Trd, 604436.958, 144
Trd, 604438.667, 159
Trd, 604439.125, 145
Trd, 604439.958, 149
Trd, 604441.083, 151
Trd, 604441.833, 122
Trd, 604442.750, 121
Trd, 604443.125, 138
Trd, 604444.000, 146
Trd, 604444.958, 124
Trd, 604446.000, 112
Trd, 604448.042, 165
Trd, 604448.625, 141
Trd, 604449.542, 122
Trd, 604449.750, 143
Trd, 604450.542, 155
Trd, 604451.417, 144
Trd, 604452.458, 123
Trd, 604453.208, 168
Trd, 604453.583, 127
Trd, 604453.958, 110
Trd, 604456.750, 114
Trd, 604457.958, 144
Trd, 604458.833, 153
Trd, 604460.250, 158
Trd, 604460.583, 140
Trd, 604462.958, 143
Trd, 604463.333, 139
Trd, 604463.875, 133
Trd, 604464.667, 121
Trd, 604465.792, 134
Trd, 604465.875, 131
Trd, 604466.083, 142
Trd, 604467.167, 121
Trd, 604468.542, 110
Trd, 604469.792, 138
Trd, 604471.208, 141
Trd, 604471.375, 125
Trd, 604472.250, 111
Trd, 604473.625, 142
Trd, 604473.833, 126
Trd, 604474.917, 149
Trd, 604475.292, 112
Trd, 604476.583, 136
Trd, 604477.417, 162
Trd, 604477.708, 112
Trd, 604479.750, 144
Trd, 604481.208, 117
Trd, 604481.625, 117
Trd, 604482.708, 115
Trd, 604482.958, 158
Trd, 604483.250, 117
Trd, 604484.667, 143
Trd, 604485.500, 142
Trd, 604486.208, 113
Trd, 604486.375, 110
Trd, 604488.292, 106
Trd, 604489.750, 145
Trd, 604490.292, 131
Trd, 604491.500, 155
Trd, 604491.875, 167
Trd, 604492.292, 137
Trd, 604493.083, 110
Trd, 604494.375, 135
Trd, 604495.625, 114
Trd, 604495.750, 113
Trd, 604497.667, 138
Trd, 604498.083, 112
Trd, 604498.250, 139
Trd, 604499.208, 132
Trd, 604499.458, 125
Trd, 604502.042, 128
Trd, 604503.000, 114
Trd, 604504.083, 123
Trd, 604505.167, 109
Trd, 604506.500, 144
Trd, 604507.708, 142
Trd, 604507.958, 133
Trd, 604508.250, 165
Trd, 604508.375, 125
Trd, 604510.500, 118
Trd, 604511.000, 131
Trd, 604512.000, 132
Trd, 604512.708, 144
Trd, 604513.458, 110
Trd, 604515.833, 155
Trd, 604516.583, 170
Trd, 604517.000, 153
Trd, 604518.375, 155
Trd, 604518.792, 113
Trd, 604520.417, 135
Trd, 604520.458, 130
Trd, 604521.167, 129
Trd, 604521.833, 139
Trd, 604523.333, 122
Trd, 604523.750, 144
Trd, 604526.250, 111
Trd, 604526.667, 113
Trd, 604528.667, 111
Trd, 604528.708, 135
Trd, 604529.583, 144
Trd, 604530.250, 119
Trd, 604530.375, 110
Trd, 604531.083, 99
Trd, 604532.667, 124
Trd, 604533.208, 111
Trd, 604534.125, 125
Trd, 604534.250, 111
Trd, 604534.750, 133
Trd, 604535.333, 148
Trd, 604536.042, 137
Trd, 604537.417, 145
Trd, 604537.625, 144
Trd, 604540.417, 151
Trd, 604541.167, 121
Trd, 604541.417, 143
Trd, 604542.792, 141
Trd, 604543.583, 110
Trd, 604543.958, 99
Trd, 604544.500, 128
Trd, 604545.083, 133
Trd, 604545.708, 109
Trd, 604546.125, 148
Trd, 604546.500, 88
Trd, 604546.792, 113
Trd, 604550.292, 139
Trd, 604551.417, 133
Trd, 604552.083, 139
Trd, 604554.708, 133
Trd, 604555.000, 116
Trd, 604556.625, 116
Trd, 604557.333, 124
Trd, 604557.500, 133
Trd, 604557.542, 108
Trd, 604557.875, 145
Trd, 604561.625, 121
Trd, 604562.000, 118
Trd, 604562.917, 132
Trd, 604563.875, 163
Trd, 604564.167, 157
Trd, 604564.583, 117
Trd, 604566.417, 113
Trd, 604567.333, 147
Trd, 604568.292, 133
Trd, 604568.333, 105
Trd, 604569.083, 111
Trd, 604569.875, 99
Trd, 604570.458, 174
Trd, 604571.833, 121
Trd, 604572.292, 139
Trd, 604573.625, 112
Trd, 604574.833, 145
Trd, 604575.292, 146
Trd, 604576.083, 144
Trd, 604576.500, 110
Trd, 604577.708, 131
Trd, 604578.625, 150
Trd, 604579.375, 124
Trd, 604580.375, 116
Trd, 604580.792, 154
Trd, 604581.333, 136
Trd, 604582.000, 132
Trd, 604582.958, 111
Trd, 604585.167, 149
Trd, 604585.375, 133
Trd, 604586.083, 110
Trd, 604587.083, 110
Trd, 604587.167, 147
Trd, 604587.375, 100
Trd, 604589.417, 144
Trd, 604590.792, 141
Trd, 604591.042, 146
Trd, 604592.083, 124
Trd, 604592.625, 110
Trd, 604593.458, 106
Trd, 604593.625, 99
Trd, 604593.708, 168
Trd, 604594.750, 124
Trd, 604595.375, 112
Trd, 604597.125, 122
Trd, 604598.750, 144
Trd, 604599.708, 118
Trd, 604600.208, 133
Trd, 604600.292, 117
Trd, 604600.667, 109
Trd, 604600.792, 130
Trd, 604601.292, 99
Trd, 604603.042, 161
Trd, 604604.792, 158
Trd, 604604.917, 133
Trd, 604606.750, 112
Trd, 604607.625, 166
Trd, 604607.833, 110
Trd, 604609.458, 99
Trd, 604609.917, 123
Trd, 604610.625, 128
Trd, 604610.833, 112
Trd, 604611.208, 133
Trd, 604611.958, 93
Trd, 604613.667, 122
Trd, 604614.292, 99
Trd, 604617.625, 149
Trd, 604618.167, 146
Trd, 604618.292, 133
Trd, 604618.542, 121
Trd, 604620.500, 170
Trd, 604621.500, 155
Trd, 604624.750, 121
Trd, 604625.333, 118
Trd, 604625.417, 126
Trd, 604626.042, 122
Trd, 604626.125, 115
Trd, 604626.292, 133
Trd, 604626.667, 110
Trd, 604627.000, 147
Trd, 604628.333, 109
Trd, 604628.833, 114
Trd, 604630.500, 112
Trd, 604631.250, 126
Trd, 604631.500, 133
Trd, 604631.833, 112
Trd, 604632.750, 145
Trd, 604634.917, 128
Trd, 604635.417, 111
Trd, 604637.042, 146
Trd, 604637.583, 94
Trd, 604637.750, 103
Trd, 604637.875, 87
Trd, 604638.833, 141
Trd, 604640.500, 112
Trd, 604641.083, 98
Trd, 604641.125, 97
Trd, 604642.333, 133
Trd, 604643.708, 152
Trd, 604645.958, 133
Trd, 604646.458, 138
Trd, 604647.125, 132
Trd, 604647.667, 131
Trd, 604647.833, 112
Trd, 604650.375, 124
Trd, 604650.417, 133
Trd, 604651.083, 164
Trd, 604651.500, 121
Trd, 604652.250, 107
Trd, 604652.750, 99
Trd, 604654.292, 120
Trd, 604654.875, 167
Trd, 604654.917, 164
Trd, 604655.792, 115
Trd, 604656.417, 102
Trd, 604658.458, 169
Trd, 604659.000, 144
Trd, 604659.542, 133
Trd, 604659.625, 121
Trd, 604660.125, 138
Trd, 604662.083, 109
Trd, 604662.167, 99
Trd, 604662.708, 148
Trd, 604663.583, 155
Trd, 604665.292, 142
Trd, 604665.667, 138
Trd, 604665.958, 121
Trd, 604667.125, 142
Trd, 604668.250, 146
Trd, 604669.625, 133
Trd, 604671.208, 130
Trd, 604671.708, 140
Trd, 604671.833, 121
Trd, 604672.667, 140
Trd, 604672.875, 146
Trd, 604675.333, 110
Trd, 604675.750, 99
Trd, 604676.667, 111
Trd, 604677.167, 133
Trd, 604677.292, 106
Trd, 604677.375, 96
Trd, 604678.333, 112
Trd, 604679.500, 121
Trd, 604681.333, 122
Trd, 604681.833, 111
Trd, 604682.167, 137
Trd, 604682.625, 99
Trd, 604683.042, 88
Trd, 604683.708, 136
Trd, 604684.542, 141
Trd, 604686.750, 133
Trd, 604687.958, 145
Trd, 604688.833, 166
Trd, 604689.500, 144
Trd, 604690.333, 133
Trd, 604691.500, 113
Trd, 604691.667, 112
Trd, 604692.167, 116
Trd, 604692.667, 153
Trd, 604693.292, 111
Trd, 604695.333, 140
Trd, 604697.125, 113
Trd, 604697.750, 109
Trd, 604697.792, 131
Trd, 604697.917, 141
Trd, 604699.500, 142
Trd, 604699.792, 110
Trd, 604699.958, 110
Trd, 604701.250, 144
Trd, 604702.167, 121
Trd, 604702.500, 110
Trd, 604702.875, 168
Trd, 604703.375, 122
Trd, 604704.417, 156
Trd, 604706.208, 141
Trd, 604708.042, 141
Trd, 604708.167, 125
Trd, 604709.708, 121
Trd, 604710.000, 133
Trd, 604710.125, 107
Trd, 604710.542, 110
Trd, 604712.250, 102
Trd, 604714.042, 146
Trd, 604714.208, 141
Trd, 604714.375, 110
Trd, 604716.583, 113
Trd, 604717.375, 127
Trd, 604717.792, 133
Trd, 604718.958, 163
Trd, 604719.042, 138
Trd, 604719.292, 133
Trd, 604720.167, 145
Trd, 604721.583, 112
Trd, 604723.292, 113
Trd, 604723.958, 110
Trd, 604724.500, 171
Trd, 604725.333, 158
Trd, 604725.958, 130
Trd, 604728.625, 156
Trd, 604728.708, 133
Trd, 604730.625, 111
Trd, 604732.250, 133
Trd, 604732.542, 169
Trd, 604733.333, 114
Trd, 604733.542, 110
Trd, 604733.583, 131
Trd, 604735.167, 104
Trd, 604736.583, 136
Trd, 604737.542, 138
Trd, 604738.417, 134
Trd, 604739.917, 144
Trd, 604741.875, 135
Trd, 604742.167, 123
Trd, 604742.208, 121
Trd, 604743.542, 146
Trd, 604743.833, 127
Trd, 604744.542, 147
Trd, 604744.583, 110
Trd, 604745.458, 126
Trd, 604745.792, 98
Trd, 604748.083, 141
Trd, 604748.208, 108
Trd, 604748.667, 105
Trd, 604750.875, 110
Trd, 604751.875, 150
Trd, 604752.292, 166
Trd, 604753.417, 118
Trd, 604753.708, 140
Trd, 604754.542, 169
Trd, 604754.958, 107
Trd, 604755.750, 101
Trd, 604756.833, 148
Trd, 604759.042, 129
Trd, 604759.583, 121
Trd, 604759.792, 99
Trd, 604761.250, 163
Trd, 604762.667, 113
Trd, 604763.417, 125
Trd, 604763.792, 133
Trd, 604765.000, 113
Trd, 604766.333, 112
Trd, 604767.042, 112
Trd, 604767.583, 144
Trd, 604767.750, 165
Trd, 604767.875, 108
Trd, 604768.500, 99
Trd, 604770.917, 91
Trd, 604771.208, 144
Trd, 604772.583, 114
Trd, 604772.792, 104
Trd, 604773.042, 103
Trd, 604774.250, 146
Trd, 604774.375, 141
Trd, 604777.167, 111
Trd, 604777.208, 138
Trd, 604778.792, 144
Trd, 604779.917, 128
Trd, 604781.917, 119
Trd, 604782.167, 133
Trd, 604782.417, 118
Trd, 604783.208, 120
Trd, 604784.583, 143
Trd, 604785.292, 130
Trd, 604786.833, 116
Trd, 604788.167, 113
Trd, 604788.417, 112
Trd, 604788.750, 126
Trd, 604788.917, 112
Trd, 604789.250, 138
Trd, 604790.375, 153
Trd, 604791.250, 111
Trd, 604793.667, 155
Trd, 604793.958, 118
Trd, 604794.500, 164
Trd, 604794.792, 112
Trd, 604796.042, 110
Trd, 604796.125, 149
Trd, 604796.292, 151
Trd, 604796.708, 142
Trd, 604798.500, 136
Trd, 604799.458, 111
Trd, 604799.917, 143
