Trd, 603066.667, 121
Trd, 603068.333, 130
Trd, 603069.208, 114
Trd, 603072.250, 120
Trd, 603072.708, 133
Trd, 603073.792, 124
Trd, 603074.333, 123
Trd, 603074.708, 124
Trd, 603074.792, 122
Trd, 603075.208, 144
Trd, 603075.250, 108
Trd, 603077.917, 125
Trd, 603078.458, 121
Trd, 603079.083, 99
Trd, 603080.083, 121
Trd, 603081.500, 129
Trd, 603082.500, 124
Trd, 603083.167, 145
Trd, 603084.542, 127
Trd, 603085.250, 149
Trd, 603085.958, 149
Trd, 603087.083, 148
Trd, 603087.375, 133
Trd, 603088.167, 133
Trd, 603089.167, 155
Trd, 603091.083, 135
Trd, 603091.792, 142
Trd, 603093.000, 136
Trd, 603094.417, 138
Trd, 603094.500, 134
Trd, 603097.042, 125
Trd, 603097.208, 134
Trd, 603097.333, 139
Trd, 603097.917, 122
Trd, 603100.042, 120
Trd, 603100.208, 120
Trd, 603101.833, 122
Trd, 603103.292, 113
Trd, 603103.500, 128
Trd, 603103.833, 133
Trd, 603104.583, 141
Trd, 603106.083, 141
Trd, 603106.917, 122
Trd, 603108.000, 123
Trd, 603109.083, 139
Trd, 603110.917, 124
Trd, 603112.208, 117
Trd, 603112.250, 118
Trd, 603112.292, 125
Trd, 603112.958, 110
Trd, 603113.750, 110
Trd, 603114.125, 129
Trd, 603116.583, 149
Trd, 603118.042, 145
Trd, 603119.000, 123
Trd, 603120.583, 131
Trd, 603121.042, 119
Trd, 603121.750, 119
Trd, 603123.167, 127
Trd, 603123.625, 118
Trd, 603124.292, 127
Trd, 603126.583, 125
Trd, 603127.792, 124
Trd, 603128.333, 121
Trd, 603129.208, 133
Trd, 603131.000, 131
Trd, 603131.542, 133
Trd, 603131.625, 126
Trd, 603131.708, 121
Trd, 603133.708, 119
Trd, 603134.042, 128
Trd, 603134.667, 111
Trd, 603135.125, 144
Trd, 603137.917, 140
Trd, 603138.625, 126
Trd, 603140.208, 129
Trd, 603141.958, 132
Trd, 603142.375, 131
Trd, 603142.500, 130
Trd, 603142.917, 126
Trd, 603143.667, 105
Trd, 603145.667, 129
Trd, 603146.000, 125
Trd, 603147.583, 127
Trd, 603148.167, 128
Trd, 603149.208, 130
Trd, 603149.292, 127
Trd, 603151.208, 110
Trd, 603153.417, 145
Trd, 603154.500, 135
Trd, 603155.792, 146
Trd, 603155.875, 125
Trd, 603156.917, 124
Trd, 603157.917, 145
Trd, 603161.000, 136
Trd, 603161.583, 132
Trd, 603162.625, 126
Trd, 603163.833, 133
Trd, 603164.833, 133
Trd, 603165.042, 133
Trd, 603165.917, 127
Trd, 603166.917, 133
Trd, 603167.583, 134
Trd, 603168.375, 121
Trd, 603169.250, 121
Trd, 603170.250, 143
Trd, 603172.292, 127
Trd, 603174.583, 123
Trd, 603175.250, 131
Trd, 603176.125, 125
Trd, 603176.625, 130
Trd, 603177.000, 125
Trd, 603177.875, 124
Trd, 603178.083, 125
Trd, 603178.833, 130
Trd, 603180.125, 142
Trd, 603180.958, 123
Trd, 603182.208, 144
Trd, 603184.042, 143
Trd, 603184.708, 144
Trd, 603185.500, 106
Trd, 603185.708, 99
Trd, 603186.208, 145
Trd, 603190.583, 124
Trd, 603190.750, 111
Trd, 603191.292, 122
Trd, 603191.833, 125
Trd, 603192.125, 127
Trd, 603192.750, 122
Trd, 603193.750, 131
Trd, 603195.958, 150
Trd, 603196.000, 125
Trd, 603197.542, 122
Trd, 603198.583, 122
Trd, 603198.792, 121
Trd, 603198.958, 124
Trd, 603200.917, 133
Trd, 603201.917, 113
Trd, 603202.583, 125
Trd, 603203.500, 125
Trd, 603203.750, 126
Trd, 603204.292, 127
Trd, 603206.667, 129
Trd, 603207.458, 119
Trd, 603207.625, 108
Trd, 603208.958, 119
Trd, 603210.458, 126
Trd, 603210.542, 133
Trd, 603211.708, 111
Trd, 603213.083, 136
Trd, 603214.333, 110
Trd, 603216.042, 133
Trd, 603216.458, 121
Trd, 603216.750, 133
Trd, 603221.542, 123
Trd, 603221.583, 127
Trd, 603222.000, 123
Trd, 603222.208, 124
Trd, 603223.042, 126
Trd, 603223.417, 127
Trd, 603225.542, 133
Trd, 603225.625, 120
Trd, 603226.417, 145
Trd, 603228.458, 105
Trd, 603228.792, 129
Trd, 603229.500, 100
Trd, 603233.292, 121
Trd, 603234.667, 116
Trd, 603234.792, 119
Trd, 603235.583, 119
Trd, 603235.875, 118
Trd, 603236.208, 133
Trd, 603236.750, 110
Trd, 603237.500, 147
Trd, 603238.375, 132
Trd, 603239.667, 126
Trd, 603240.083, 129
Trd, 603240.375, 117
Trd, 603241.208, 129
Trd, 603242.917, 132
Trd, 603243.708, 127
Trd, 603245.083, 132
Trd, 603246.750, 147
Trd, 603247.708, 129
Trd, 603247.958, 123
Trd, 603249.250, 130
Trd, 603249.542, 129
Trd, 603250.042, 128
Trd, 603251.667, 123
Trd, 603252.375, 122
Trd, 603254.875, 127
Trd, 603256.417, 126
Trd, 603257.500, 127
Trd, 603258.083, 122
Trd, 603258.750, 149
Trd, 603258.917, 146
Trd, 603259.042, 121
Trd, 603259.375, 149
Trd, 603260.583, 134
Trd, 603260.833, 133
Trd, 603261.333, 115
Trd, 603263.875, 120
Trd, 603263.958, 121
Trd, 603264.208, 122
Trd, 603264.917, 125
Trd, 603267.042, 117
Trd, 603269.667, 127
Trd, 603271.000, 127
Trd, 603271.458, 127
Trd, 603271.833, 121
Trd, 603271.875, 128
Trd, 603271.958, 110
Trd, 603275.500, 122
Trd, 603275.958, 122
Trd, 603276.167, 123
Trd, 603276.833, 119
Trd, 603279.417, 126
Trd, 603280.250, 125
Trd, 603280.417, 127
Trd, 603281.167, 133
Trd, 603283.750, 125
Trd, 603284.750, 143
Trd, 603285.458, 137
Trd, 603286.667, 142
Trd, 603287.833, 142
Trd, 603288.083, 143
Trd, 603288.208, 122
Trd, 603289.292, 142
Trd, 603291.500, 132
Trd, 603293.875, 130
Trd, 603294.083, 128
Trd, 603295.583, 129
Trd, 603295.917, 131
Trd, 603296.042, 117
Trd, 603296.125, 108
Trd, 603299.708, 136
Trd, 603299.917, 133
Trd, 603299.958, 123
Trd, 603301.042, 136
Trd, 603301.917, 136
Trd, 603302.625, 129
Trd, 603304.417, 131
Trd, 603305.333, 121
Trd, 603306.083, 122
Trd, 603306.917, 124
Trd, 603308.792, 133
Trd, 603308.958, 113
Trd, 603309.583, 99
Trd, 603310.667, 124
Trd, 603311.000, 107
Trd, 603311.083, 124
Trd, 603312.458, 123
Trd, 603313.625, 123
Trd, 603314.208, 123
Trd, 603315.000, 123
Trd, 603315.750, 124
Trd, 603316.750, 149
Trd, 603317.167, 128
Trd, 603318.042, 105
Trd, 603319.667, 166
Trd, 603320.583, 165
Trd, 603321.708, 100
Trd, 603323.167, 108
Trd, 603325.042, 146
Trd, 603326.542, 138
Trd, 603326.875, 138
Trd, 603327.458, 137
Trd, 603327.583, 136
Trd, 603328.625, 146
Trd, 603329.417, 133
Trd, 603330.583, 110
Trd, 603332.000, 125
Trd, 603333.625, 125
Trd, 603334.417, 125
Trd, 603334.458, 122
Trd, 603335.417, 122
Trd, 603335.792, 122
Trd, 603336.417, 122
Trd, 603336.458, 121
Trd, 603338.292, 129
Trd, 603339.417, 124
Trd, 603339.625, 125
Trd, 603340.375, 123
Trd, 603342.667, 167
Trd, 603343.125, 165
Trd, 603344.958, 155
Trd, 603346.667, 144
Trd, 603348.125, 166
Trd, 603350.167, 155
Trd, 603351.625, 146
Trd, 603351.875, 155
Trd, 603352.333, 144
Trd, 603353.250, 136
Trd, 603354.042, 145
Trd, 603354.542, 134
Trd, 603354.917, 145
Trd, 603355.458, 120
Trd, 603356.292, 147
Trd, 603357.208, 112
Trd, 603358.000, 151
Trd, 603359.500, 121
Trd, 603361.750, 111
Trd, 603362.208, 119
Trd, 603363.417, 114
Trd, 603364.417, 115
Trd, 603365.167, 117
Trd, 603365.333, 133
Trd, 603366.708, 118
Trd, 603367.083, 121
Trd, 603367.208, 126
Trd, 603369.083, 143
Trd, 603370.458, 138
Trd, 603373.833, 122
Trd, 603374.250, 130
Trd, 603374.833, 132
Trd, 603375.500, 126
Trd, 603376.000, 151
Trd, 603377.083, 146
Trd, 603378.250, 144
Trd, 603378.500, 109
Trd, 603379.208, 145
Trd, 603380.125, 130
Trd, 603382.167, 155
Trd, 603382.292, 157
Trd, 603382.375, 131
Trd, 603382.667, 145
Trd, 603383.292, 123
Trd, 603385.833, 127
Trd, 603386.417, 128
Trd, 603386.625, 129
Trd, 603388.792, 125
Trd, 603388.875, 127
Trd, 603388.917, 120
Trd, 603392.792, 133
Trd, 603393.042, 142
Trd, 603394.542, 122
Trd, 603394.750, 122
Trd, 603395.667, 122
Trd, 603396.250, 128
Trd, 603396.708, 106
Trd, 603397.792, 79
Trd, 603399.125, 119
Trd, 603400.292, 122
Trd, 603400.542, 122
Trd, 603401.250, 121
Trd, 603401.708, 121
Trd, 603402.292, 133
Trd, 603404.500, 137
Trd, 603405.000, 124
Trd, 603405.208, 136
Trd, 603405.375, 124
Trd, 603405.667, 145
Trd, 603406.083, 122
Trd, 603409.333, 143
Trd, 603410.458, 128
Trd, 603410.500, 133
Trd, 603410.667, 124
Trd, 603412.083, 136
Trd, 603412.250, 124
Trd, 603412.583, 144
Trd, 603415.375, 129
Trd, 603416.542, 138
Trd, 603419.208, 124
Trd, 603419.667, 109
Trd, 603420.125, 100
Trd, 603420.333, 123
Trd, 603421.625, 120
Trd, 603423.167, 119
Trd, 603423.292, 120
Trd, 603423.917, 112
Trd, 603424.667, 111
Trd, 603425.417, 125
Trd, 603425.792, 133
Trd, 603429.167, 138
Trd, 603429.333, 142
Trd, 603429.375, 152
Trd, 603429.417, 135
Trd, 603429.542, 134
Trd, 603430.875, 121
Trd, 603431.542, 108
Trd, 603433.542, 130
Trd, 603435.042, 123
Trd, 603435.542, 124
Trd, 603436.042, 122
Trd, 603436.167, 123
Trd, 603436.292, 120
Trd, 603437.542, 133
Trd, 603437.625, 99
Trd, 603437.708, 145
Trd, 603439.625, 150
Trd, 603439.750, 114
Trd, 603441.333, 120
Trd, 603442.708, 122
Trd, 603442.792, 116
Trd, 603444.708, 124
Trd, 603444.875, 132
Trd, 603445.500, 117
Trd, 603445.917, 133
Trd, 603448.417, 125
Trd, 603449.542, 125
Trd, 603449.583, 123
Trd, 603450.375, 121
Trd, 603450.917, 124
Trd, 603451.875, 143
Trd, 603454.042, 126
Trd, 603454.583, 122
Trd, 603455.000, 122
Trd, 603455.500, 122
Trd, 603455.542, 109
Trd, 603456.250, 99
Trd, 603456.292, 122
Trd, 603457.542, 123
Trd, 603457.875, 121
Trd, 603459.125, 78
Trd, 603459.750, 145
Trd, 603461.625, 181
Trd, 603461.875, 155
Trd, 603462.875, 165
Trd, 603464.167, 144
Trd, 603465.500, 103
Trd, 603466.750, 123
Trd, 603469.250, 127
Trd, 603469.458, 143
Trd, 603470.750, 140
Trd, 603471.167, 130
Trd, 603471.708, 140
Trd, 603472.333, 133
Trd, 603472.375, 142
Trd, 603473.542, 120
Trd, 603473.917, 107
Trd, 603476.042, 139
Trd, 603477.458, 121
Trd, 603479.000, 131
Trd, 603480.333, 124
Trd, 603480.417, 121
Trd, 603480.875, 130
Trd, 603481.958, 131
Trd, 603482.625, 133
Trd, 603482.833, 123
Trd, 603483.375, 123
Trd, 603483.417, 147
Trd, 603483.875, 148
Trd, 603487.250, 136
Trd, 603489.000, 133
Trd, 603490.500, 124
Trd, 603491.042, 137
Trd, 603491.667, 137
Trd, 603492.167, 143
Trd, 603493.083, 142
Trd, 603493.625, 137
Trd, 603495.208, 138
Trd, 603495.625, 129
Trd, 603498.167, 126
Trd, 603498.833, 138
Trd, 603498.875, 139
Trd, 603499.875, 127
Trd, 603500.083, 141
Trd, 603503.333, 128
Trd, 603503.833, 126
Trd, 603505.000, 126
Trd, 603505.042, 127
Trd, 603506.917, 131
Trd, 603507.292, 131
Trd, 603507.667, 109
Trd, 603507.917, 99
Trd, 603509.750, 124
Trd, 603512.083, 125
Trd, 603512.542, 121
Trd, 603512.667, 126
Trd, 603513.083, 132
Trd, 603515.250, 132
Trd, 603515.875, 131
Trd, 603516.667, 133
Trd, 603518.083, 135
Trd, 603519.500, 122
Trd, 603520.000, 121
Trd, 603521.917, 121
Trd, 603522.583, 129
Trd, 603522.667, 130
Trd, 603523.375, 132
Trd, 603524.792, 112
Trd, 603525.458, 132
Trd, 603526.458, 132
Trd, 603527.792, 146
Trd, 603527.875, 128
Trd, 603529.042, 124
Trd, 603529.417, 126
Trd, 603530.292, 141
Trd, 603532.125, 113
Trd, 603532.333, 110
Trd, 603535.250, 130
Trd, 603536.167, 130
Trd, 603536.667, 130
Trd, 603536.875, 135
Trd, 603537.958, 130
Trd, 603538.708, 110
Trd, 603540.375, 101
Trd, 603541.083, 120
Trd, 603542.417, 124
Trd, 603543.625, 126
Trd, 603544.542, 125
Trd, 603544.583, 121
Trd, 603546.542, 121
Trd, 603546.792, 107
Trd, 603548.125, 130
Trd, 603549.500, 122
Trd, 603550.625, 125
Trd, 603551.417, 128
Trd, 603551.708, 127
Trd, 603552.708, 121
Trd, 603553.208, 132
Trd, 603554.583, 123
Trd, 603554.708, 133
Trd, 603555.583, 143
Trd, 603556.125, 108
Trd, 603556.667, 99
Trd, 603557.875, 141
Trd, 603560.333, 167
Trd, 603561.625, 127
Trd, 603561.667, 126
Trd, 603563.333, 155
Trd, 603563.583, 149
Trd, 603564.833, 163
Trd, 603565.000, 171
Trd, 603565.875, 144
Trd, 603567.375, 134
Trd, 603572.000, 158
Trd, 603572.875, 155
Trd, 603573.083, 143
Trd, 603573.583, 133
Trd, 603573.792, 121
Trd, 603575.167, 114
Trd, 603575.917, 136
Trd, 603576.042, 136
Trd, 603576.375, 155
Trd, 603577.917, 121
Trd, 603579.375, 141
Trd, 603581.167, 123
Trd, 603582.375, 123
Trd, 603583.167, 122
Trd, 603583.542, 121
Trd, 603587.250, 116
Trd, 603587.417, 122
Trd, 603587.792, 129
Trd, 603588.208, 121
Trd, 603589.833, 142
Trd, 603591.750, 124
Trd, 603592.167, 124
Trd, 603593.417, 122
Trd, 603593.542, 124
Trd, 603593.833, 122
Trd, 603594.042, 125
Trd, 603597.208, 126
Trd, 603597.250, 125
Trd, 603598.292, 126
Trd, 603600.250, 135
Trd, 603600.375, 137
Trd, 603601.042, 138
Trd, 603602.458, 123
Trd, 603602.542, 121
Trd, 603603.292, 120
Trd, 603604.375, 117
Trd, 603605.125, 118
Trd, 603605.250, 133
Trd, 603605.875, 140
Trd, 603606.750, 151
Trd, 603607.875, 112
Trd, 603608.750, 113
Trd, 603609.958, 116
Trd, 603610.667, 115
Trd, 603611.833, 109
Trd, 603613.250, 124
Trd, 603613.375, 140
Trd, 603615.417, 126
Trd, 603615.750, 127
Trd, 603615.917, 125
Trd, 603617.708, 137
Trd, 603618.375, 127
Trd, 603618.542, 128
Trd, 603619.458, 145
Trd, 603619.625, 128
Trd, 603623.125, 167
Trd, 603623.292, 155
Trd, 603625.125, 155
Trd, 603625.583, 144
Trd, 603625.917, 133
Trd, 603626.333, 158
Trd, 603627.750, 154
Trd, 603628.333, 144
Trd, 603629.833, 128
Trd, 603631.417, 128
Trd, 603632.417, 138
Trd, 603634.000, 140
Trd, 603634.042, 145
Trd, 603635.875, 141
Trd, 603636.417, 139
Trd, 603637.542, 134
Trd, 603638.417, 133
Trd, 603638.667, 134
Trd, 603639.375, 135
Trd, 603640.750, 121
Trd, 603641.250, 122
Trd, 603643.708, 132
Trd, 603644.375, 123
Trd, 603644.583, 130
Trd, 603645.500, 145
Trd, 603647.083, 130
Trd, 603648.542, 143
Trd, 603649.375, 132
Trd, 603649.583, 121
Trd, 603650.500, 141
Trd, 603650.667, 109
Trd, 603651.583, 100
Trd, 603651.708, 148
Trd, 603654.042, 124
Trd, 603655.833, 124
Trd, 603656.083, 122
Trd, 603656.750, 131
Trd, 603659.375, 126
Trd, 603660.042, 127
Trd, 603660.542, 128
Trd, 603661.250, 127
Trd, 603661.958, 126
Trd, 603662.583, 132
Trd, 603663.292, 151
Trd, 603664.000, 155
Trd, 603664.833, 120
Trd, 603667.292, 120
Trd, 603668.042, 120
Trd, 603668.458, 113
Trd, 603669.792, 122
Trd, 603670.333, 131
Trd, 603671.833, 128
Trd, 603671.917, 122
Trd, 603672.333, 121
Trd, 603673.667, 122
Trd, 603673.833, 133
Trd, 603676.167, 134
Trd, 603676.208, 132
Trd, 603676.667, 144
Trd, 603678.750, 141
Trd, 603679.500, 126
Trd, 603679.958, 125
Trd, 603681.625, 132
Trd, 603681.750, 133
Trd, 603682.375, 114
Trd, 603684.417, 122
Trd, 603684.875, 123
Trd, 603685.375, 122
Trd, 603686.167, 123
Trd, 603688.792, 121
Trd, 603689.000, 125
Trd, 603690.917, 110
Trd, 603691.750, 121
Trd, 603691.958, 122
Trd, 603692.250, 109
Trd, 603693.583, 122
Trd, 603694.042, 133
Trd, 603696.708, 127
Trd, 603697.042, 124
Trd, 603698.083, 123
Trd, 603698.917, 144
Trd, 603699.792, 143
Trd, 603701.792, 121
Trd, 603702.792, 138
Trd, 603703.042, 140
Trd, 603704.167, 146
Trd, 603704.542, 122
Trd, 603706.250, 120
Trd, 603706.292, 119
Trd, 603708.042, 120
Trd, 603708.417, 143
Trd, 603709.083, 141
Trd, 603710.333, 121
Trd, 603710.542, 122
Trd, 603711.667, 145
Trd, 603712.292, 146
Trd, 603712.375, 121
Trd, 603713.042, 122
Trd, 603715.167, 122
Trd, 603715.542, 122
Trd, 603716.500, 122
Trd, 603716.958, 122
Trd, 603718.417, 119
Trd, 603719.875, 139
Trd, 603719.917, 141
Trd, 603720.458, 110
Trd, 603721.500, 110
Trd, 603723.833, 118
Trd, 603723.917, 113
Trd, 603724.000, 119
Trd, 603725.958, 138
Trd, 603728.750, 135
Trd, 603728.875, 136
Trd, 603729.500, 121
Trd, 603729.708, 138
Trd, 603731.042, 108
Trd, 603731.417, 134
Trd, 603732.833, 141
Trd, 603733.375, 145
Trd, 603733.833, 110
Trd, 603733.917, 146
Trd, 603736.167, 120
Trd, 603738.708, 120
Trd, 603739.167, 120
Trd, 603739.417, 107
Trd, 603739.750, 131
Trd, 603740.792, 131
Trd, 603742.625, 130
Trd, 603742.958, 132
Trd, 603743.333, 109
Trd, 603743.917, 121
Trd, 603745.500, 128
Trd, 603746.792, 128
Trd, 603747.917, 123
Trd, 603749.083, 137
Trd, 603749.792, 123
Trd, 603751.167, 128
Trd, 603751.250, 123
Trd, 603753.542, 128
Trd, 603754.250, 124
Trd, 603755.750, 128
Trd, 603756.333, 125
Trd, 603756.958, 128
Trd, 603757.042, 127
Trd, 603757.792, 107
Trd, 603758.542, 143
Trd, 603760.167, 135
Trd, 603761.958, 129
Trd, 603762.208, 128
Trd, 603762.667, 133
Trd, 603763.875, 123
Trd, 603764.833, 134
Trd, 603765.500, 134
Trd, 603766.750, 127
Trd, 603768.292, 125
Trd, 603771.083, 128
Trd, 603771.667, 132
Trd, 603771.708, 127
Trd, 603771.750, 126
Trd, 603773.708, 107
Trd, 603773.958, 127
Trd, 603774.250, 133
Trd, 603775.042, 122
Trd, 603776.667, 141
Trd, 603776.708, 118
Trd, 603779.000, 115
Trd, 603779.208, 121
Trd, 603780.333, 119
Trd, 603780.375, 122
Trd, 603781.333, 122
Trd, 603781.417, 121
Trd, 603783.917, 141
Trd, 603785.583, 129
Trd, 603785.833, 130
Trd, 603786.000, 122
Trd, 603787.083, 122
Trd, 603787.583, 121
Trd, 603789.375, 110
Trd, 603791.625, 120
Trd, 603791.958, 121
Trd, 603793.208, 121
Trd, 603793.292, 121
Trd, 603795.625, 121
Trd, 603796.125, 137
Trd, 603796.208, 117
Trd, 603798.500, 120
Trd, 603799.917, 122
Trd, 603800.500, 128
Trd, 603801.250, 122
Trd, 603801.375, 121
Trd, 603801.542, 123
Trd, 603804.750, 139
Trd, 603805.208, 124
Trd, 603805.583, 142
Trd, 603806.625, 125
Trd, 603807.500, 125
Trd, 603808.333, 124
Trd, 603809.375, 121
Trd, 603809.417, 140
Trd, 603809.667, 148
Trd, 603811.792, 120
Trd, 603812.250, 146
Trd, 603813.333, 112
Trd, 603815.208, 139
Trd, 603815.667, 128
Trd, 603816.667, 135
Trd, 603817.333, 137
Trd, 603818.333, 122
Trd, 603821.208, 126
Trd, 603822.458, 132
Trd, 603823.208, 130
Trd, 603823.667, 132
Trd, 603824.000, 135
Trd, 603824.958, 143
Trd, 603825.500, 130
Trd, 603826.542, 94
Trd, 603826.625, 110
Trd, 603828.917, 133
Trd, 603830.500, 126
Trd, 603831.333, 128
Trd, 603831.792, 130
Trd, 603832.000, 128
Trd, 603832.667, 126
Trd, 603834.792, 123
Trd, 603834.958, 121
Trd, 603837.208, 116
Trd, 603837.708, 118
Trd, 603838.042, 126
Trd, 603839.500, 132
Trd, 603840.000, 117
Trd, 603840.708, 133
Trd, 603840.875, 117
Trd, 603842.083, 144
Trd, 603843.958, 122
Trd, 603845.208, 122
Trd, 603845.417, 126
Trd, 603846.208, 150
Trd, 603848.042, 130
Trd, 603850.125, 131
Trd, 603850.167, 129
Trd, 603851.625, 124
Trd, 603851.750, 125
Trd, 603853.042, 146
Trd, 603853.292, 149
Trd, 603855.292, 125
Trd, 603855.708, 124
Trd, 603855.875, 124
Trd, 603857.042, 121
Trd, 603857.667, 125
Trd, 603859.250, 111
Trd, 603860.042, 122
Trd, 603860.667, 110
Trd, 603862.625, 128
Trd, 603863.875, 128
Trd, 603864.125, 123
Trd, 603867.625, 127
Trd, 603867.667, 126
Trd, 603867.875, 125
Trd, 603868.125, 124
Trd, 603870.417, 121
Trd, 603870.542, 122
Trd, 603872.083, 121
Trd, 603872.375, 117
Trd, 603873.333, 121
Trd, 603873.833, 122
Trd, 603875.750, 121
Trd, 603876.042, 121
Trd, 603877.625, 103
Trd, 603877.958, 121
Trd, 603878.042, 127
Trd, 603879.792, 124
Trd, 603880.458, 133
Trd, 603881.250, 148
Trd, 603881.458, 112
Trd, 603882.500, 113
Trd, 603886.958, 132
Trd, 603888.042, 128
Trd, 603888.083, 130
Trd, 603889.375, 121
Trd, 603889.875, 108
Trd, 603890.000, 107
Trd, 603890.667, 130
Trd, 603891.333, 132
Trd, 603894.917, 126
Trd, 603895.333, 125
Trd, 603896.833, 126
Trd, 603896.875, 125
Trd, 603898.750, 128
Trd, 603899.292, 133
Trd, 603900.750, 144
Trd, 603902.458, 121
Trd, 603903.708, 122
Trd, 603903.792, 120
Trd, 603904.083, 121
Trd, 603905.542, 120
Trd, 603907.125, 134
Trd, 603907.458, 136
Trd, 603908.833, 146
Trd, 603909.292, 114
Trd, 603910.333, 147
Trd, 603911.292, 122
Trd, 603912.042, 120
Trd, 603913.292, 119
Trd, 603914.792, 136
Trd, 603915.875, 122
Trd, 603917.125, 136
Trd, 603918.792, 124
Trd, 603919.250, 130
Trd, 603920.125, 131
Trd, 603920.625, 126
Trd, 603920.750, 125
Trd, 603921.667, 141
Trd, 603924.250, 141
Trd, 603924.583, 135
Trd, 603925.375, 111
Trd, 603926.625, 133
Trd, 603927.875, 133
Trd, 603929.583, 128
Trd, 603929.833, 124
Trd, 603930.875, 131
Trd, 603930.958, 133
Trd, 603931.292, 122
Trd, 603932.292, 121
Trd, 603932.542, 121
Trd, 603935.375, 125
Trd, 603935.625, 135
Trd, 603936.333, 134
Trd, 603936.708, 125
Trd, 603939.542, 133
Trd, 603939.625, 137
Trd, 603939.792, 125
Trd, 603940.250, 144
Trd, 603942.833, 160
Trd, 603943.875, 133
Trd, 603945.375, 126
Trd, 603946.000, 121
Trd, 603946.167, 111
Trd, 603946.375, 125
Trd, 603947.167, 113
Trd, 603947.625, 132
Trd, 603950.083, 112
Trd, 603952.917, 121
Trd, 603953.000, 122
Trd, 603953.833, 123
Trd, 603956.167, 136
Trd, 603956.917, 135
Trd, 603957.042, 136
Trd, 603959.500, 114
Trd, 603960.083, 117
Trd, 603960.458, 116
Trd, 603961.208, 117
Trd, 603961.417, 118
Trd, 603962.000, 110
Trd, 603962.333, 133
Trd, 603963.458, 108
Trd, 603965.000, 131
Trd, 603965.208, 125
Trd, 603966.875, 124
Trd, 603967.000, 141
Trd, 603968.667, 124
Trd, 603970.083, 132
Trd, 603970.708, 131
Trd, 603971.333, 133
Trd, 603971.500, 132
Trd, 603973.125, 124
Trd, 603974.333, 126
Trd, 603975.542, 128
Trd, 603976.875, 122
Trd, 603977.458, 135
Trd, 603977.542, 122
Trd, 603978.875, 131
Trd, 603980.083, 110
Trd, 603980.625, 129
Trd, 603982.333, 123
Trd, 603982.792, 124
Trd, 603983.750, 123
Trd, 603983.917, 126
Trd, 603985.333, 132
Trd, 603985.542, 145
Trd, 603986.167, 108
Trd, 603986.208, 154
Trd, 603987.208, 176
Trd, 603987.667, 121
Trd, 603990.000, 102
Trd, 603990.750, 106
Trd, 603991.083, 118
Trd, 603993.333, 118
Trd, 603994.375, 120
Trd, 603995.708, 122
Trd, 603995.958, 121
Trd, 603996.542, 124
Trd, 603997.208, 131
Trd, 603997.792, 130
Trd, 603999.833, 129
Trd, 604000.292, 128
Trd, 604000.417, 126
Trd, 604001.458, 133
Trd, 604002.583, 121
Trd, 604003.167, 124
Trd, 604004.542, 105
Trd, 604005.500, 120
Trd, 604006.042, 124
Trd, 604008.500, 117
Trd, 604010.458, 120
Trd, 604010.667, 120
Trd, 604011.000, 122
Trd, 604011.750, 127
Trd, 604012.542, 132
Trd, 604013.875, 122
Trd, 604014.583, 134
Trd, 604015.292, 119
Trd, 604016.583, 125
Trd, 604016.625, 121
Trd, 604016.667, 130
Trd, 604017.500, 131
Trd, 604018.042, 121
Trd, 604020.792, 123
Trd, 604021.083, 123
Trd, 604023.208, 123
Trd, 604023.875, 125
Trd, 604025.167, 125
Trd, 604026.292, 128
Trd, 604026.542, 126
Trd, 604026.875, 130
Trd, 604028.042, 132
Trd, 604028.167, 124
Trd, 604029.917, 130
Trd, 604030.167, 122
Trd, 604031.208, 153
Trd, 604032.625, 123
Trd, 604033.083, 122
Trd, 604034.000, 120
Trd, 604034.708, 122
Trd, 604036.542, 122
Trd, 604036.750, 123
Trd, 604037.125, 99
Trd, 604037.417, 124
Trd, 604040.083, 121
Trd, 604040.750, 121
Trd, 604042.917, 125
Trd, 604043.167, 123
Trd, 604044.208, 120
Trd, 604044.250, 123
Trd, 604046.583, 122
Trd, 604047.667, 120
Trd, 604048.458, 146
Trd, 604049.542, 133
Trd, 604049.833, 113
Trd, 604052.167, 118
Trd, 604052.500, 123
Trd, 604053.000, 125
Trd, 604054.333, 125
Trd, 604054.625, 126
Trd, 604054.750, 125
Trd, 604055.708, 133
Trd, 604056.208, 124
Trd, 604059.042, 123
Trd, 604059.167, 121
Trd, 604059.583, 125
Trd, 604060.458, 121
Trd, 604060.583, 126
Trd, 604060.917, 127
Trd, 604061.917, 110
Trd, 604063.083, 109
Trd, 604064.625, 122
Trd, 604066.417, 126
Trd, 604067.292, 132
Trd, 604067.625, 144
Trd, 604068.833, 132
Trd, 604069.708, 153
Trd, 604069.875, 132
Trd, 604072.000, 133
Trd, 604074.708, 172
Trd, 604075.292, 133
Trd, 604075.667, 167
Trd, 604078.875, 160
Trd, 604079.792, 144
Trd, 604080.333, 143
Trd, 604080.750, 150
Trd, 604080.792, 152
Trd, 604083.500, 142
Trd, 604085.083, 126
Trd, 604085.250, 144
Trd, 604085.500, 113
Trd, 604086.917, 114
Trd, 604087.583, 118
Trd, 604090.125, 122
Trd, 604090.292, 122
Trd, 604090.625, 121
Trd, 604091.958, 113
Trd, 604092.000, 121
Trd, 604092.125, 121
Trd, 604092.292, 133
Trd, 604092.500, 112
Trd, 604093.000, 146
Trd, 604093.500, 118
Trd, 604095.375, 142
Trd, 604097.500, 130
Trd, 604098.333, 123
Trd, 604098.417, 129
Trd, 604098.958, 129
Trd, 604099.000, 123
Trd, 604099.917, 121
Trd, 604101.792, 141
Trd, 604104.875, 131
Trd, 604105.625, 128
Trd, 604106.333, 127
Trd, 604107.750, 120
Trd, 604108.750, 123
Trd, 604109.333, 122
Trd, 604109.708, 121
Trd, 604109.958, 119
Trd, 604110.958, 107
Trd, 604111.917, 121
Trd, 604112.500, 122
Trd, 604114.333, 112
Trd, 604114.458, 111
Trd, 604115.167, 126
Trd, 604116.208, 127
Trd, 604117.958, 126
Trd, 604118.458, 125
Trd, 604118.625, 128
Trd, 604118.750, 146
Trd, 604119.042, 122
Trd, 604121.292, 122
Trd, 604121.792, 155
Trd, 604124.042, 138
Trd, 604124.417, 137
Trd, 604125.167, 133
Trd, 604127.417, 131
Trd, 604127.667, 125
Trd, 604127.792, 121
Trd, 604127.833, 132
Trd, 604128.708, 132
Trd, 604130.292, 121
Trd, 604131.667, 130
Trd, 604132.375, 103
Trd, 604133.250, 129
Trd, 604133.958, 128
Trd, 604134.542, 109
Trd, 604136.917, 107
Trd, 604137.208, 124
Trd, 604137.458, 128
Trd, 604138.958, 125
Trd, 604139.625, 124
Trd, 604140.833, 121
Trd, 604141.583, 126
Trd, 604143.000, 126
Trd, 604143.625, 112
Trd, 604143.958, 133
Trd, 604145.708, 120
Trd, 604147.500, 120
Trd, 604148.458, 119
Trd, 604148.500, 118
Trd, 604148.833, 119
Trd, 604149.958, 111
Trd, 604150.500, 126
Trd, 604150.875, 130
Trd, 604153.000, 154
Trd, 604153.167, 120
Trd, 604153.833, 146
Trd, 604154.542, 155
Trd, 604155.042, 118
Trd, 604157.375, 121
Trd, 604158.667, 139
Trd, 604159.333, 127
Trd, 604159.958, 132
Trd, 604160.583, 128
Trd, 604163.083, 133
Trd, 604163.833, 136
Trd, 604165.125, 134
Trd, 604165.333, 138
Trd, 604166.125, 138
Trd, 604166.375, 133
Trd, 604167.375, 137
Trd, 604169.167, 135
Trd, 604170.417, 128
Trd, 604170.583, 130
Trd, 604171.250, 129
Trd, 604172.000, 128
Trd, 604172.167, 121
Trd, 604173.542, 127
Trd, 604175.833, 133
Trd, 604177.000, 118
Trd, 604177.375, 119
Trd, 604177.917, 120
Trd, 604179.542, 121
Trd, 604179.667, 130
Trd, 604180.042, 120
Trd, 604181.125, 111
Trd, 604181.875, 146
Trd, 604182.667, 178
Trd, 604183.625, 174
Trd, 604185.125, 150
Trd, 604186.375, 119
Trd, 604188.875, 119
Trd, 604189.042, 122
Trd, 604189.333, 133
Trd, 604190.250, 155
Trd, 604190.333, 166
Trd, 604191.000, 158
Trd, 604194.083, 143
Trd, 604194.792, 135
Trd, 604196.042, 139
Trd, 604196.083, 133
Trd, 604196.583, 139
Trd, 604197.583, 124
Trd, 604199.208, 123
Trd, 604200.083, 121
Trd, 604201.375, 122
Trd, 604201.583, 124
Trd, 604201.917, 131
Trd, 604202.542, 124
Trd, 604203.875, 122
Trd, 604204.583, 146
Trd, 604205.250, 146
Trd, 604206.208, 122
Trd, 604209.500, 144
Trd, 604209.708, 123
Trd, 604210.708, 177
Trd, 604212.875, 165
Trd, 604214.375, 122
Trd, 604216.667, 118
Trd, 604217.125, 118
Trd, 604217.208, 119
Trd, 604219.375, 143
Trd, 604219.792, 116
Trd, 604220.208, 132
Trd, 604222.500, 133
Trd, 604223.500, 123
Trd, 604224.125, 111
Trd, 604225.500, 124
Trd, 604226.125, 126
Trd, 604228.875, 132
Trd, 604229.000, 130
Trd, 604229.583, 130
Trd, 604230.083, 131
Trd, 604230.625, 121
Trd, 604233.458, 121
Trd, 604233.583, 130
Trd, 604234.333, 119
Trd, 604234.500, 134
Trd, 604234.833, 121
Trd, 604235.292, 115
Trd, 604235.500, 145
Trd, 604236.583, 155
Trd, 604237.125, 166
Trd, 604239.958, 125
Trd, 604240.875, 127
Trd, 604241.292, 126
Trd, 604241.792, 125
Trd, 604242.083, 125
Trd, 604243.000, 133
Trd, 604244.917, 122
Trd, 604246.917, 131
Trd, 604247.083, 121
Trd, 604247.292, 130
Trd, 604248.625, 81
Trd, 604248.958, 127
Trd, 604249.625, 126
Trd, 604250.750, 126
Trd, 604251.333, 126
Trd, 604252.583, 129
Trd, 604254.333, 123
Trd, 604254.375, 125
Trd, 604257.083, 126
Trd, 604257.125, 125
Trd, 604257.458, 129
Trd, 604257.917, 124
Trd, 604258.708, 126
Trd, 604259.875, 125
Trd, 604259.958, 133
Trd, 604260.083, 110
Trd, 604262.708, 122
Trd, 604263.292, 122
Trd, 604263.542, 121
Trd, 604263.583, 122
Trd, 604263.750, 110
Trd, 604264.792, 109
Trd, 604267.583, 102
Trd, 604267.750, 128
Trd, 604267.792, 133
Trd, 604269.042, 128
Trd, 604269.292, 121
Trd, 604270.542, 109
Trd, 604272.208, 122
Trd, 604272.292, 124
Trd, 604273.000, 121
Trd, 604273.333, 145
Trd, 604273.917, 154
Trd, 604275.625, 127
Trd, 604275.833, 122
Trd, 604278.917, 128
Trd, 604279.333, 126
Trd, 604280.083, 124
Trd, 604280.167, 119
Trd, 604281.750, 102
Trd, 604283.458, 120
Trd, 604284.667, 117
Trd, 604284.833, 118
Trd, 604286.250, 133
Trd, 604286.625, 146
Trd, 604287.250, 124
Trd, 604288.917, 145
Trd, 604290.958, 138
Trd, 604291.250, 137
Trd, 604292.792, 141
Trd, 604293.958, 154
Trd, 604294.125, 135
Trd, 604296.042, 177
Trd, 604296.542, 143
Trd, 604297.667, 138
Trd, 604297.833, 133
Trd, 604298.708, 141
Trd, 604299.458, 142
Trd, 604300.042, 122
Trd, 604300.542, 125
Trd, 604301.000, 139
Trd, 604303.250, 123
Trd, 604303.292, 147
Trd, 604303.958, 121
Trd, 604304.250, 123
Trd, 604307.375, 140
Trd, 604308.500, 124
Trd, 604309.583, 133
Trd, 604309.750, 134
Trd, 604311.208, 127
Trd, 604311.792, 127
Trd, 604313.833, 117
Trd, 604314.500, 129
Trd, 604315.833, 141
Trd, 604317.042, 150
Trd, 604318.250, 129
Trd, 604318.917, 129
Trd, 604320.375, 144
Trd, 604321.875, 148
Trd, 604323.292, 139
Trd, 604323.458, 127
Trd, 604324.167, 125
Trd, 604324.708, 118
Trd, 604326.167, 136
Trd, 604327.542, 124
Trd, 604328.000, 142
Trd, 604330.333, 122
Trd, 604331.417, 124
Trd, 604332.458, 131
Trd, 604333.167, 132
Trd, 604334.583, 127
Trd, 604335.375, 139
Trd, 604335.833, 121
Trd, 604337.875, 125
Trd, 604339.792, 121
Trd, 604340.625, 122
Trd, 604340.958, 117
Trd, 604341.375, 133
Trd, 604342.250, 155
Trd, 604342.375, 161
Trd, 604343.542, 123
Trd, 604345.125, 124
Trd, 604345.458, 123
Trd, 604346.208, 131
Trd, 604346.875, 122
Trd, 604349.083, 124
Trd, 604349.125, 122
Trd, 604350.750, 120
Trd, 604351.000, 121
Trd, 604353.750, 123
Trd, 604354.333, 117
Trd, 604354.875, 116
Trd, 604356.167, 130
Trd, 604357.208, 122
Trd, 604357.458, 121
Trd, 604360.125, 132
Trd, 604360.958, 120
Trd, 604361.042, 133
Trd, 604361.250, 116
Trd, 604361.583, 148
Trd, 604361.708, 149
Trd, 604365.208, 107
Trd, 604365.333, 142
Trd, 604365.875, 142
Trd, 604366.792, 119
Trd, 604367.292, 126
Trd, 604368.208, 141
Trd, 604369.750, 142
Trd, 604371.083, 142
Trd, 604371.458, 134
Trd, 604371.500, 133
Trd, 604372.333, 137
Trd, 604375.542, 129
Trd, 604375.875, 126
Trd, 604376.208, 126
Trd, 604376.292, 114
Trd, 604377.333, 120
Trd, 604377.583, 147
Trd, 604377.750, 111
Trd, 604378.167, 149
Trd, 604380.708, 123
Trd, 604381.833, 126
Trd, 604382.000, 151
Trd, 604384.708, 159
Trd, 604385.458, 156
Trd, 604385.625, 140
Trd, 604386.292, 133
Trd, 604387.000, 128
Trd, 604388.458, 123
Trd, 604388.500, 132
Trd, 604389.833, 130
Trd, 604391.250, 121
Trd, 604391.917, 129
Trd, 604393.958, 111
Trd, 604394.292, 133
Trd, 604394.583, 109
Trd, 604397.708, 108
Trd, 604399.083, 124
Trd, 604399.417, 129
Trd, 604399.667, 133
Trd, 604399.833, 125
Trd, 604402.958, 125
Trd, 604403.292, 126
Trd, 604405.167, 127
Trd, 604405.292, 134
Trd, 604406.000, 120
Trd, 604406.333, 108
Trd, 604408.250, 118
Trd, 604409.250, 106
Trd, 604410.292, 121
Trd, 604410.500, 120
Trd, 604410.875, 122
Trd, 604411.583, 150
Trd, 604412.500, 126
Trd, 604413.167, 129
Trd, 604413.417, 132
Trd, 604414.000, 133
Trd, 604414.792, 130
Trd, 604414.875, 121
Trd, 604416.375, 106
Trd, 604418.375, 141
Trd, 604418.917, 122
Trd, 604419.667, 111
Trd, 604421.875, 128
Trd, 604422.333, 122
Trd, 604422.792, 128
Trd, 604423.542, 128
Trd, 604424.042, 126
Trd, 604425.167, 132
Trd, 604426.542, 125
Trd, 604426.833, 125
Trd, 604427.708, 142
Trd, 604429.125, 124
Trd, 604429.667, 130
Trd, 604431.208, 112
Trd, 604431.667, 121
Trd, 604432.833, 122
Trd, 604434.458, 130
Trd, 604435.083, 131
Trd, 604435.208, 133
Trd, 604435.917, 126
Trd, 604435.958, 125
Trd, 604439.458, 121
Trd, 604439.792, 111
Trd, 604441.000, 128
Trd, 604442.500, 132
Trd, 604442.833, 133
Trd, 604443.375, 114
Trd, 604443.875, 124
Trd, 604445.458, 116
Trd, 604448.042, 132
Trd, 604448.875, 120
Trd, 604450.542, 121
Trd, 604451.375, 130
Trd, 604451.792, 133
Trd, 604451.917, 121
Trd, 604452.042, 120
Trd, 604454.292, 140
Trd, 604455.417, 110
Trd, 604456.208, 135
Trd, 604456.292, 113
Trd, 604457.208, 131
Trd, 604457.708, 132
Trd, 604458.625, 116
Trd, 604461.917, 137
Trd, 604462.167, 134
Trd, 604462.292, 140
Trd, 604464.125, 137
Trd, 604464.250, 135
Trd, 604465.625, 134
Trd, 604465.958, 135
Trd, 604466.583, 134
Trd, 604466.833, 135
Trd, 604466.875, 133
Trd, 604468.458, 127
Trd, 604470.583, 125
Trd, 604470.833, 128
Trd, 604471.375, 124
Trd, 604474.083, 126
Trd, 604474.542, 126
Trd, 604475.083, 125
Trd, 604476.667, 125
Trd, 604476.958, 143
Trd, 604478.125, 127
Trd, 604482.083, 152
Trd, 604482.458, 139
Trd, 604482.958, 142
Trd, 604483.042, 133
Trd, 604483.667, 142
Trd, 604484.125, 143
Trd, 604486.708, 137
Trd, 604487.125, 140
Trd, 604487.667, 136
Trd, 604488.875, 133
Trd, 604489.625, 121
Trd, 604490.167, 136
Trd, 604491.000, 105
Trd, 604493.792, 121
Trd, 604494.542, 121
Trd, 604494.583, 112
Trd, 604494.708, 132
Trd, 604495.458, 130
Trd, 604496.958, 101
Trd, 604497.708, 120
Trd, 604500.167, 115
Trd, 604500.708, 116
Trd, 604502.000, 133
Trd, 604502.958, 122
Trd, 604503.458, 123
Trd, 604503.708, 141
Trd, 604503.875, 122
Trd, 604505.583, 128
Trd, 604507.875, 128
Trd, 604507.917, 129
Trd, 604508.083, 122
Trd, 604510.417, 126
Trd, 604512.208, 135
Trd, 604512.917, 133
Trd, 604513.083, 132
Trd, 604513.500, 130
Trd, 604513.583, 132
Trd, 604513.708, 133
Trd, 604516.625, 144
Trd, 604517.917, 101
Trd, 604518.292, 100
Trd, 604520.250, 139
Trd, 604520.292, 140
Trd, 604521.208, 122
Trd, 604522.875, 124
Trd, 604523.292, 123
Trd, 604525.167, 132
Trd, 604526.125, 123
Trd, 604526.458, 133
Trd, 604527.500, 130
Trd, 604528.208, 127
Trd, 604530.208, 126
Trd, 604530.375, 125
Trd, 604530.833, 132
Trd, 604531.708, 119
Trd, 604532.333, 119
Trd, 604534.167, 121
Trd, 604535.083, 120
Trd, 604535.375, 125
Trd, 604536.083, 112
Trd, 604536.458, 131
Trd, 604536.625, 133
Trd, 604537.833, 146
Trd, 604539.875, 125
Trd, 604541.750, 127
Trd, 604543.333, 123
Trd, 604543.958, 122
Trd, 604544.875, 123
Trd, 604545.125, 121
Trd, 604545.875, 133
Trd, 604546.750, 125
Trd, 604547.625, 139
Trd, 604550.125, 138
Trd, 604550.250, 137
Trd, 604550.458, 155
Trd, 604550.708, 133
Trd, 604551.875, 124
Trd, 604554.458, 142
Trd, 604554.625, 144
Trd, 604554.833, 133
Trd, 604555.875, 141
Trd, 604557.750, 146
Trd, 604558.125, 128
Trd, 604558.833, 127
Trd, 604559.667, 166
Trd, 604562.167, 128
Trd, 604562.708, 125
Trd, 604562.792, 128
Trd, 604563.458, 125
Trd, 604564.250, 121
Trd, 604566.708, 139
Trd, 604567.292, 123
Trd, 604567.667, 139
Trd, 604569.625, 123
Trd, 604569.917, 125
Trd, 604572.292, 122
Trd, 604572.458, 109
Trd, 604573.542, 137
Trd, 604573.750, 138
Trd, 604576.958, 133
Trd, 604577.583, 136
Trd, 604579.042, 135
Trd, 604579.250, 123
Trd, 604580.125, 124
Trd, 604581.125, 124
Trd, 604581.292, 137
Trd, 604581.625, 124
Trd, 604583.083, 135
Trd, 604583.292, 136
Trd, 604584.167, 127
Trd, 604584.833, 126
Trd, 604585.208, 131
Trd, 604586.625, 121
Trd, 604587.250, 131
Trd, 604587.333, 133
Trd, 604587.458, 105
Trd, 604591.333, 112
Trd, 604592.000, 121
Trd, 604592.750, 121
Trd, 604593.708, 121
Trd, 604594.167, 126
Trd, 604596.750, 129
Trd, 604599.292, 135
Trd, 604599.333, 133
Trd, 604599.500, 141
Trd, 604600.542, 141
Trd, 604602.208, 143
Trd, 604602.250, 135
Trd, 604602.750, 147
Trd, 604603.083, 120
Trd, 604604.125, 120
Trd, 604607.417, 115
Trd, 604608.500, 113
Trd, 604609.667, 115
Trd, 604609.875, 121
Trd, 604610.042, 127
Trd, 604613.458, 122
Trd, 604613.708, 121
Trd, 604614.208, 121
Trd, 604615.250, 108
Trd, 604615.292, 122
Trd, 604615.833, 107
Trd, 604616.125, 127
Trd, 604618.417, 113
Trd, 604618.708, 126
Trd, 604619.583, 132
Trd, 604621.875, 128
Trd, 604621.917, 121
Trd, 604622.375, 120
Trd, 604622.708, 105
Trd, 604625.792, 125
Trd, 604627.083, 116
Trd, 604627.292, 125
Trd, 604627.792, 129
Trd, 604630.375, 124
Trd, 604630.875, 122
Trd, 604631.458, 123
Trd, 604633.833, 124
Trd, 604633.958, 129
Trd, 604635.500, 129
Trd, 604635.875, 125
Trd, 604637.958, 122
Trd, 604638.875, 122
Trd, 604639.500, 121
Trd, 604639.708, 133
Trd, 604639.750, 145
Trd, 604639.833, 120
Trd, 604640.833, 110
Trd, 604643.708, 118
Trd, 604644.833, 116
Trd, 604644.958, 117
Trd, 604645.000, 114
Trd, 604646.083, 113
Trd, 604647.042, 133
Trd, 604648.042, 103
Trd, 604649.792, 140
Trd, 604650.458, 141
Trd, 604651.000, 124
Trd, 604652.167, 140
Trd, 604654.042, 121
Trd, 604655.042, 119
Trd, 604655.083, 106
Trd, 604655.458, 99
Trd, 604655.667, 120
Trd, 604657.208, 88
Trd, 604658.125, 145
Trd, 604659.958, 144
Trd, 604660.625, 118
Trd, 604661.917, 133
Trd, 604663.542, 126
Trd, 604664.000, 133
Trd, 604664.542, 133
Trd, 604664.625, 148
Trd, 604666.583, 124
Trd, 604666.917, 144
Trd, 604667.875, 125
Trd, 604668.458, 135
Trd, 604668.500, 125
Trd, 604670.333, 137
Trd, 604670.750, 131
Trd, 604673.250, 135
Trd, 604674.208, 122
Trd, 604674.375, 105
Trd, 604674.542, 131
Trd, 604675.667, 130
Trd, 604676.875, 122
Trd, 604676.958, 123
Trd, 604677.667, 133
Trd, 604678.042, 145
Trd, 604678.292, 122
Trd, 604679.833, 122
Trd, 604681.000, 121
Trd, 604681.542, 120
Trd, 604681.833, 121
Trd, 604681.958, 110
Trd, 604684.458, 136
Trd, 604685.500, 110
Trd, 604687.375, 135
Trd, 604687.625, 123
Trd, 604688.083, 121
Trd, 604688.792, 129
Trd, 604690.125, 131
Trd, 604691.125, 111
Trd, 604691.208, 132
Trd, 604694.208, 123
Trd, 604694.417, 125
Trd, 604694.833, 123
Trd, 604695.125, 122
Trd, 604697.042, 104
Trd, 604697.292, 121
Trd, 604697.375, 122
Trd, 604698.583, 145
Trd, 604699.167, 110
Trd, 604699.625, 105
Trd, 604699.708, 143
Trd, 604701.833, 122
Trd, 604702.875, 141
Trd, 604703.292, 118
Trd, 604703.667, 141
Trd, 604705.667, 139
Trd, 604708.583, 121
Trd, 604709.750, 118
Trd, 604710.917, 117
Trd, 604711.042, 121
Trd, 604712.083, 121
Trd, 604712.250, 133
Trd, 604714.750, 122
Trd, 604716.208, 128
Trd, 604716.792, 122
Trd, 604717.625, 139
Trd, 604718.792, 118
Trd, 604720.792, 120
Trd, 604720.875, 121
Trd, 604722.708, 118
Trd, 604723.375, 122
Trd, 604724.042, 117
Trd, 604724.583, 130
Trd, 604726.583, 122
Trd, 604727.833, 126
Trd, 604728.042, 123
Trd, 604729.125, 121
Trd, 604729.708, 121
Trd, 604730.000, 121
Trd, 604731.042, 121
Trd, 604732.208, 124
Trd, 604735.542, 123
Trd, 604736.458, 129
Trd, 604737.583, 122
Trd, 604737.833, 122
Trd, 604738.042, 123
Trd, 604738.917, 128
Trd, 604739.708, 122
Trd, 604739.833, 121
Trd, 604741.750, 112
Trd, 604742.542, 127
Trd, 604745.292, 122
Trd, 604746.208, 121
Trd, 604746.417, 133
Trd, 604747.458, 130
Trd, 604749.208, 121
Trd, 604749.583, 142
Trd, 604749.750, 143
Trd, 604751.583, 125
Trd, 604751.958, 143
Trd, 604752.667, 125
Trd, 604753.417, 125
Trd, 604754.292, 130
Trd, 604754.375, 109
Trd, 604757.125, 139
Trd, 604759.125, 137
Trd, 604759.375, 130
Trd, 604760.292, 155
Trd, 604762.458, 139
Trd, 604763.625, 137
Trd, 604763.667, 139
Trd, 604764.333, 133
Trd, 604766.167, 133
Trd, 604766.625, 129
Trd, 604769.417, 127
Trd, 604769.750, 128
Trd, 604771.000, 130
Trd, 604771.083, 125
Trd, 604772.417, 129
Trd, 604773.083, 102
Trd, 604774.667, 121
Trd, 604776.042, 130
Trd, 604776.750, 115
Trd, 604778.167, 132
Trd, 604778.667, 112
Trd, 604779.417, 144
Trd, 604781.833, 123
Trd, 604783.375, 124
Trd, 604784.083, 128
Trd, 604784.333, 129
Trd, 604785.500, 124
Trd, 604785.667, 132
Trd, 604787.375, 124
Trd, 604788.333, 121
Trd, 604788.500, 155
Trd, 604788.667, 161
Trd, 604789.792, 121
Trd, 604790.292, 167
Trd, 604793.375, 134
Trd, 604795.333, 128
Trd, 604795.625, 144
Trd, 604796.292, 143
Trd, 604797.042, 143
Trd, 604799.000, 135
Trd, 604799.625, 121
