Trd, 085775.767, 123
Trd, 085775.867, 116
Trd, 085775.967, 107
Trd, 085776.017, 95
Trd, 085776.083, 126
Trd, 085776.350, 109
Trd, 085776.383, 94
Trd, 085776.567, 91
Trd, 085777.450, 125
Trd, 085777.950, 124
Trd, 085778.050, 126
Trd, 085778.367, 118
Trd, 085778.517, 117
Trd, 085778.617, 113
Trd, 085778.917, 109
Trd, 085778.950, 105
Trd, 085779.150, 132
Trd, 085779.183, 134
Trd, 085779.917, 116
Trd, 085779.983, 104
Trd, 085780.067, 99
Trd, 085780.250, 106
Trd, 085780.733, 140
Trd, 085781.150, 134
Trd, 085782.133, 140
Trd, 085782.383, 130
Trd, 085782.567, 128
Trd, 085782.617, 127
Trd, 085782.717, 137
Trd, 085782.750, 139
Trd, 085782.800, 109
Trd, 085783.567, 140
Trd, 085783.650, 134
Trd, 085783.700, 113
Trd, 085784.267, 124
Trd, 085784.300, 94
Trd, 085784.333, 127
Trd, 085784.417, 139
Trd, 085784.750, 96
Trd, 085785.017, 102
Trd, 085785.183, 134
Trd, 085785.200, 94
Trd, 085785.533, 134
Trd, 085785.683, 130
Trd, 085785.717, 93
Trd, 085785.867, 97
Trd, 085786.017, 97
Trd, 085786.400, 97
Trd, 085787.033, 96
Trd, 085787.150, 108
Trd, 085787.183, 93
Trd, 085787.517, 108
Trd, 085787.967, 103
Trd, 085788.017, 136
Trd, 085788.283, 133
Trd, 085788.933, 130
Trd, 085788.950, 120
Trd, 085789.617, 118
Trd, 085790.217, 128
Trd, 085790.417, 129
Trd, 085790.517, 128
Trd, 085790.600, 133
Trd, 085790.733, 127
Trd, 085791.033, 126
Trd, 085791.100, 110
Trd, 085791.183, 109
Trd, 085791.350, 137
Trd, 085791.367, 139
Trd, 085791.433, 134
Trd, 085792.000, 110
Trd, 085792.233, 109
Trd, 085792.467, 114
Trd, 085792.717, 100
Trd, 085792.833, 109
Trd, 085793.150, 140
Trd, 085793.283, 134
Trd, 085793.550, 140
Trd, 085793.667, 139
Trd, 085793.783, 124
Trd, 085794.033, 140
Trd, 085794.600, 133
Trd, 085794.683, 126
Trd, 085794.750, 125
Trd, 085795.183, 137
Trd, 085795.217, 134
Trd, 085795.483, 121
Trd, 085795.633, 135
Trd, 085796.033, 140
Trd, 085796.150, 122
Trd, 085796.550, 131
Trd, 085796.817, 140
Trd, 085796.917, 124
Trd, 085797.533, 140
Trd, 085797.550, 124
Trd, 085797.733, 123
Trd, 085797.817, 120
Trd, 085797.983, 132
Trd, 085798.417, 140
Trd, 085798.500, 138
Trd, 085799.017, 121
Trd, 085799.200, 126
Trd, 085799.350, 126
Trd, 085799.367, 125
Trd, 085799.450, 124
Trd, 085799.750, 125
Trd, 085799.833, 127
Trd, 085800.567, 122
Trd, 085801.067, 116
Trd, 085801.283, 127
Trd, 085801.450, 137
Trd, 085801.833, 128
Trd, 085802.217, 132
Trd, 085802.367, 114
Trd, 085802.800, 131
Trd, 085803.150, 135
Trd, 085803.300, 128
Trd, 085803.433, 139
Trd, 085803.883, 139
Trd, 085804.017, 137
Trd, 085804.767, 135
Trd, 085805.067, 136
Trd, 085805.100, 135
Trd, 085805.150, 133
Trd, 085805.267, 127
Trd, 085805.500, 134
Trd, 085805.850, 123
Trd, 085806.000, 131
Trd, 085806.033, 106
Trd, 085806.167, 126
Trd, 085806.467, 105
Trd, 085806.617, 104
Trd, 085806.750, 119
Trd, 085807.183, 119
Trd, 085807.317, 112
Trd, 085807.450, 114
Trd, 085807.550, 115
Trd, 085807.817, 120
Trd, 085808.050, 103
Trd, 085808.267, 93
Trd, 085808.850, 136
Trd, 085808.867, 135
Trd, 085809.050, 129
Trd, 085809.283, 124
Trd, 085809.850, 130
Trd, 085810.150, 128
Trd, 085810.300, 88
Trd, 085810.317, 86
Trd, 085810.433, 80
Trd, 085810.833, 113
Trd, 085811.133, 134
Trd, 085811.600, 139
Trd, 085811.733, 127
Trd, 085812.083, 100
Trd, 085812.183, 101
Trd, 085812.650, 93
Trd, 085813.083, 95
Trd, 085813.100, 96
Trd, 085813.117, 107
Trd, 085813.400, 122
Trd, 085813.450, 127
Trd, 085813.650, 109
Trd, 085813.717, 138
Trd, 085814.050, 87
Trd, 085814.533, 123
Trd, 085814.800, 103
Trd, 085814.867, 99
Trd, 085815.050, 116
Trd, 085815.083, 112
Trd, 085815.167, 100
Trd, 085815.300, 130
Trd, 085815.550, 91
Trd, 085815.800, 136
Trd, 085816.250, 106
Trd, 085816.417, 125
Trd, 085816.467, 139
Trd, 085817.067, 122
Trd, 085817.200, 117
Trd, 085817.500, 113
Trd, 085817.617, 113
Trd, 085817.883, 125
Trd, 085818.117, 108
Trd, 085818.483, 126
Trd, 085818.733, 127
Trd, 085818.817, 126
Trd, 085818.983, 121
Trd, 085819.433, 138
Trd, 085819.450, 120
Trd, 085819.767, 137
Trd, 085819.883, 117
Trd, 085820.267, 118
Trd, 085820.600, 115
Trd, 085820.633, 114
Trd, 085820.667, 104
Trd, 085820.767, 96
Trd, 085821.067, 116
Trd, 085821.083, 115
Trd, 085821.717, 104
Trd, 085821.917, 105
Trd, 085822.700, 140
Trd, 085822.900, 132
Trd, 085823.367, 128
Trd, 085823.650, 126
Trd, 085823.667, 120
Trd, 085824.283, 140
Trd, 085824.383, 140
Trd, 085824.683, 137
Trd, 085825.850, 140
Trd, 085825.883, 139
Trd, 085825.900, 138
Trd, 085826.000, 137
Trd, 085826.133, 138
Trd, 085826.433, 140
Trd, 085826.817, 138
Trd, 085826.933, 130
Trd, 085827.050, 128
Trd, 085827.283, 139
Trd, 085827.683, 133
Trd, 085827.750, 128
Trd, 085828.217, 132
Trd, 085828.317, 136
Trd, 085828.450, 140
Trd, 085829.017, 131
Trd, 085829.517, 131
Trd, 085829.550, 130
Trd, 085829.783, 126
Trd, 085830.333, 127
Trd, 085830.350, 122
Trd, 085830.483, 128
Trd, 085830.550, 126
Trd, 085830.850, 135
Trd, 085831.083, 134
Trd, 085831.350, 138
Trd, 085831.933, 140
Trd, 085832.233, 140
Trd, 085832.250, 126
Trd, 085832.350, 125
Trd, 085832.750, 134
Trd, 085832.883, 114
Trd, 085833.067, 139
Trd, 085833.500, 115
Trd, 085833.667, 113
Trd, 085834.150, 113
Trd, 085834.350, 108
Trd, 085834.367, 123
Trd, 085834.450, 123
Trd, 085834.567, 138
Trd, 085835.017, 121
Trd, 085835.383, 131
Trd, 085836.267, 137
Trd, 085836.367, 135
Trd, 085836.517, 134
Trd, 085836.650, 126
Trd, 085837.183, 139
Trd, 085837.317, 140
Trd, 085837.750, 139
Trd, 085837.983, 138
Trd, 085838.100, 136
Trd, 085838.267, 136
Trd, 085838.533, 137
Trd, 085838.600, 135
Trd, 085838.700, 119
Trd, 085838.800, 114
Trd, 085839.783, 139
Trd, 085839.917, 137
Trd, 085840.083, 130
Trd, 085840.133, 124
Trd, 085840.150, 115
Trd, 085840.200, 128
Trd, 085840.733, 107
Trd, 085840.967, 123
Trd, 085841.050, 120
Trd, 085841.367, 105
Trd, 085841.400, 100
Trd, 085841.683, 117
Trd, 085842.200, 118
Trd, 085842.267, 100
Trd, 085842.633, 131
Trd, 085842.983, 138
Trd, 085843.000, 124
Trd, 085843.300, 126
Trd, 085844.033, 97
Trd, 085844.067, 112
Trd, 085844.417, 106
Trd, 085844.633, 99
Trd, 085844.650, 104
Trd, 085844.667, 97
Trd, 085844.883, 97
Trd, 085844.983, 96
Trd, 085845.217, 93
Trd, 085845.400, 106
Trd, 085845.650, 91
Trd, 085845.733, 90
Trd, 085845.833, 107
Trd, 085845.883, 130
Trd, 085846.183, 101
Trd, 085846.233, 107
Trd, 085847.100, 140
Trd, 085847.383, 140
Trd, 085847.583, 129
Trd, 085847.750, 135
Trd, 085847.967, 126
Trd, 085848.200, 125
Trd, 085848.633, 139
Trd, 085848.783, 137
Trd, 085849.100, 140
Trd, 085849.367, 104
Trd, 085849.950, 137
Trd, 085849.983, 136
Trd, 085850.283, 137
Trd, 085850.933, 129
Trd, 085851.767, 131
Trd, 085851.983, 132
Trd, 085852.000, 128
Trd, 085852.083, 123
Trd, 085852.233, 134
Trd, 085852.333, 135
Trd, 085852.533, 112
Trd, 085852.650, 112
Trd, 085852.733, 102
Trd, 085852.800, 113
Trd, 085853.267, 107
Trd, 085853.333, 107
Trd, 085853.383, 108
Trd, 085853.667, 106
Trd, 085853.750, 101
Trd, 085854.000, 95
Trd, 085854.150, 138
Trd, 085854.467, 114
Trd, 085854.683, 140
Trd, 085854.950, 139
Trd, 085855.667, 140
Trd, 085857.283, 140
Trd, 085857.300, 140
Trd, 085857.467, 140
Trd, 085857.683, 140
Trd, 085858.017, 138
Trd, 085858.533, 140
Trd, 085858.550, 139
Trd, 085858.850, 133
Trd, 085858.917, 128
Trd, 085859.083, 120
Trd, 085859.350, 138
Trd, 085859.500, 124
Trd, 085859.683, 114
Trd, 085859.750, 103
Trd, 085859.767, 96
Trd, 085860.200, 99
Trd, 085860.433, 138
Trd, 085860.600, 111
Trd, 085860.967, 94
Trd, 085861.300, 140
Trd, 085861.633, 116
Trd, 085861.683, 114
Trd, 085862.000, 124
Trd, 085862.183, 125
Trd, 085862.450, 120
Trd, 085862.517, 127
Trd, 085862.750, 112
Trd, 085863.317, 127
Trd, 085863.533, 134
Trd, 085863.583, 133
Trd, 085864.067, 140
Trd, 085864.333, 140
Trd, 085864.617, 133
Trd, 085864.700, 127
Trd, 085864.733, 127
Trd, 085864.883, 128
Trd, 085864.950, 140
Trd, 085864.983, 126
Trd, 085865.167, 126
Trd, 085865.400, 125
Trd, 085865.500, 126
Trd, 085865.750, 123
Trd, 085866.150, 127
Trd, 085866.300, 139
Trd, 085866.317, 124
Trd, 085866.850, 140
Trd, 085868.017, 140
Trd, 085868.067, 140
Trd, 085868.417, 124
Trd, 085868.767, 123
Trd, 085868.983, 135
Trd, 085869.033, 136
Trd, 085869.050, 122
Trd, 085869.150, 121
Trd, 085869.383, 122
Trd, 085869.567, 135
Trd, 085869.817, 136
Trd, 085869.900, 119
Trd, 085869.983, 118
Trd, 085870.250, 132
Trd, 085870.767, 116
Trd, 085870.833, 105
Trd, 085871.500, 101
Trd, 085871.917, 140
Trd, 085872.117, 140
Trd, 085872.200, 138
Trd, 085872.233, 122
Trd, 085872.617, 140
Trd, 085872.933, 136
Trd, 085873.350, 130
Trd, 085873.533, 129
Trd, 085874.133, 135
Trd, 085874.267, 135
Trd, 085874.717, 127
Trd, 085874.733, 118
Trd, 085874.783, 116
Trd, 085875.150, 93
Trd, 085875.200, 125
Trd, 085875.350, 112
Trd, 085875.400, 97
Trd, 085875.683, 126
Trd, 085875.883, 124
Trd, 085876.033, 127
Trd, 085876.117, 121
Trd, 085876.467, 124
Trd, 085876.483, 105
Trd, 085876.617, 104
Trd, 085876.800, 100
Trd, 085877.100, 85
Trd, 085877.383, 109
Trd, 085877.633, 84
Trd, 085877.750, 108
Trd, 085877.933, 109
Trd, 085878.083, 114
Trd, 085878.117, 84
Trd, 085878.300, 96
Trd, 085878.700, 106
Trd, 085879.150, 140
Trd, 085879.967, 140
Trd, 085880.100, 140
Trd, 085880.233, 140
Trd, 085880.317, 140
Trd, 085880.567, 140
Trd, 085880.850, 137
Trd, 085881.017, 140
Trd, 085881.383, 134
Trd, 085881.600, 119
Trd, 085881.767, 140
Trd, 085883.083, 139
Trd, 085883.350, 140
Trd, 085883.533, 137
Trd, 085884.167, 130
Trd, 085884.417, 130
Trd, 085884.567, 129
Trd, 085884.800, 128
Trd, 085885.400, 138
Trd, 085885.750, 140
Trd, 085885.950, 140
Trd, 085885.983, 139
Trd, 085886.283, 130
Trd, 085886.767, 123
Trd, 085886.900, 120
Trd, 085886.983, 119
Trd, 085887.233, 120
Trd, 085887.300, 117
Trd, 085887.417, 121
Trd, 085887.500, 114
Trd, 085888.050, 136
Trd, 085888.250, 140
Trd, 085888.283, 140
Trd, 085888.567, 138
Trd, 085888.617, 113
Trd, 085889.350, 140
Trd, 085889.917, 140
Trd, 085889.967, 139
Trd, 085890.067, 132
Trd, 085890.133, 117
Trd, 085890.300, 117
Trd, 085890.650, 138
Trd, 085891.150, 116
Trd, 085891.233, 126
Trd, 085891.783, 131
Trd, 085891.933, 111
Trd, 085892.000, 104
Trd, 085892.133, 134
Trd, 085892.200, 84
Trd, 085892.367, 83
Trd, 085892.483, 101
Trd, 085892.750, 93
Trd, 085892.867, 101
Trd, 085893.000, 101
Trd, 085893.300, 112
Trd, 085893.350, 115
Trd, 085893.367, 92
Trd, 085893.483, 88
Trd, 085893.717, 123
Trd, 085894.483, 139
Trd, 085894.567, 122
Trd, 085894.817, 138
Trd, 085894.950, 138
Trd, 085895.183, 137
Trd, 085895.433, 137
Trd, 085895.617, 114
Trd, 085896.400, 123
Trd, 085896.600, 124
Trd, 085896.733, 135
Trd, 085897.167, 125
Trd, 085897.333, 104
Trd, 085897.350, 136
Trd, 085897.800, 115
Trd, 085898.017, 107
Trd, 085898.133, 121
Trd, 085898.633, 126
Trd, 085898.833, 109
Trd, 085898.933, 107
Trd, 085899.083, 105
Trd, 085899.417, 123
Trd, 085899.533, 104
Trd, 085899.783, 120
Trd, 085900.733, 120
Trd, 085900.983, 120
Trd, 085901.233, 119
Trd, 085901.350, 121
Trd, 085901.383, 119
Trd, 085901.583, 118
Trd, 085902.233, 139
Trd, 085902.250, 135
Trd, 085902.283, 134
Trd, 085902.567, 133
Trd, 085902.683, 128
Trd, 085903.067, 123
Trd, 085903.217, 111
Trd, 085903.833, 134
Trd, 085904.183, 137
Trd, 085904.967, 140
Trd, 085904.983, 140
Trd, 085905.333, 140
Trd, 085905.967, 133
Trd, 085906.100, 137
Trd, 085906.417, 135
Trd, 085906.733, 134
Trd, 085906.917, 132
Trd, 085907.350, 131
Trd, 085907.633, 130
Trd, 085907.650, 126
Trd, 085907.717, 110
Trd, 085908.533, 134
Trd, 085908.567, 135
Trd, 085908.750, 122
Trd, 085908.883, 118
Trd, 085908.917, 136
Trd, 085909.000, 119
Trd, 085909.517, 108
Trd, 085909.583, 122
Trd, 085909.617, 128
Trd, 085909.950, 136
Trd, 085910.217, 94
Trd, 085910.417, 137
Trd, 085910.600, 112
Trd, 085910.767, 83
Trd, 085911.000, 103
Trd, 085911.250, 105
Trd, 085911.617, 124
Trd, 085911.950, 140
Trd, 085912.283, 127
Trd, 085912.683, 120
Trd, 085912.800, 119
Trd, 085913.067, 89
Trd, 085913.517, 116
Trd, 085913.700, 105
Trd, 085913.817, 122
Trd, 085913.967, 120
Trd, 085914.117, 138
Trd, 085914.367, 140
Trd, 085914.883, 127
Trd, 085914.933, 128
Trd, 085915.100, 125
Trd, 085915.200, 129
Trd, 085915.250, 118
Trd, 085915.367, 117
Trd, 085915.500, 140
Trd, 085915.733, 116
Trd, 085915.750, 109
Trd, 085916.083, 106
Trd, 085916.383, 105
Trd, 085916.533, 102
Trd, 085916.650, 95
Trd, 085916.667, 71
Trd, 085916.700, 109
Trd, 085916.883, 110
Trd, 085917.183, 110
Trd, 085917.583, 111
Trd, 085917.633, 112
Trd, 085917.783, 100
Trd, 085918.300, 111
Trd, 085918.583, 127
Trd, 085918.850, 138
Trd, 085918.933, 132
Trd, 085919.233, 137
Trd, 085919.667, 114
Trd, 085920.283, 140
Trd, 085920.800, 135
Trd, 085921.583, 136
Trd, 085921.817, 134
Trd, 085921.917, 140
Trd, 085922.000, 134
Trd, 085922.033, 138
Trd, 085922.133, 132
Trd, 085922.250, 121
Trd, 085922.450, 116
Trd, 085922.533, 140
Trd, 085922.717, 108
Trd, 085923.033, 123
Trd, 085923.133, 107
Trd, 085923.550, 131
Trd, 085924.183, 129
Trd, 085924.350, 117
Trd, 085924.533, 121
Trd, 085924.600, 118
Trd, 085925.167, 120
Trd, 085925.267, 119
Trd, 085925.800, 115
Trd, 085926.000, 113
Trd, 085926.217, 110
Trd, 085926.933, 122
Trd, 085926.950, 123
Trd, 085927.133, 123
Trd, 085927.233, 124
Trd, 085927.283, 111
Trd, 085927.367, 124
Trd, 085927.517, 108
Trd, 085927.817, 130
Trd, 085927.833, 112
Trd, 085928.100, 133
Trd, 085928.200, 120
Trd, 085928.433, 131
Trd, 085928.617, 109
Trd, 085928.867, 138
Trd, 085928.883, 108
Trd, 085929.383, 102
Trd, 085929.733, 140
Trd, 085929.883, 127
Trd, 085930.267, 125
Trd, 085930.400, 127
Trd, 085930.750, 128
Trd, 085930.883, 126
Trd, 085931.200, 126
Trd, 085931.483, 118
Trd, 085931.750, 121
Trd, 085931.850, 133
Trd, 085931.900, 134
Trd, 085931.950, 117
Trd, 085932.000, 110
Trd, 085932.400, 102
Trd, 085932.483, 130
Trd, 085932.517, 136
Trd, 085932.683, 104
Trd, 085932.733, 93
Trd, 085933.433, 134
Trd, 085933.617, 133
Trd, 085933.867, 121
Trd, 085933.967, 87
Trd, 085934.167, 107
Trd, 085934.200, 87
Trd, 085934.417, 138
Trd, 085935.133, 125
Trd, 085935.450, 125
Trd, 085935.483, 124
Trd, 085935.583, 119
Trd, 085935.833, 112
Trd, 085935.867, 137
Trd, 085935.967, 111
Trd, 085936.483, 140
Trd, 085936.500, 140
Trd, 085937.300, 114
Trd, 085937.533, 127
Trd, 085938.317, 122
Trd, 085938.550, 128
Trd, 085939.483, 138
Trd, 085939.550, 129
Trd, 085939.567, 129
Trd, 085939.867, 114
Trd, 085940.383, 109
Trd, 085940.417, 110
Trd, 085940.517, 134
Trd, 085940.750, 135
Trd, 085940.800, 134
Trd, 085940.817, 133
Trd, 085941.233, 127
Trd, 085941.400, 137
Trd, 085941.950, 121
Trd, 085942.067, 119
Trd, 085942.200, 131
Trd, 085942.900, 118
Trd, 085943.350, 111
Trd, 085943.483, 108
Trd, 085943.633, 110
Trd, 085943.900, 129
Trd, 085943.983, 103
Trd, 085944.083, 90
Trd, 085944.167, 105
Trd, 085944.283, 91
Trd, 085944.417, 131
Trd, 085944.550, 133
Trd, 085945.000, 136
Trd, 085945.650, 139
Trd, 085945.717, 138
Trd, 085945.750, 134
Trd, 085946.167, 126
Trd, 085946.833, 124
Trd, 085946.883, 138
Trd, 085947.150, 102
Trd, 085947.317, 136
Trd, 085947.667, 127
Trd, 085947.767, 125
Trd, 085947.983, 128
Trd, 085948.217, 134
Trd, 085948.333, 120
Trd, 085948.967, 121
Trd, 085949.150, 117
Trd, 085949.317, 120
Trd, 085949.583, 119
Trd, 085949.650, 131
Trd, 085949.867, 122
Trd, 085949.883, 119
Trd, 085950.083, 109
Trd, 085950.183, 110
Trd, 085950.750, 125
Trd, 085952.050, 140
Trd, 085952.550, 140
Trd, 085952.800, 140
Trd, 085953.083, 140
Trd, 085953.500, 138
Trd, 085953.817, 138
Trd, 085953.850, 137
Trd, 085954.400, 134
Trd, 085954.550, 140
Trd, 085955.450, 140
Trd, 085956.267, 137
Trd, 085956.317, 138
Trd, 085956.533, 136
Trd, 085956.717, 120
Trd, 085956.950, 116
Trd, 085957.350, 118
Trd, 085957.633, 136
Trd, 085957.883, 121
Trd, 085957.900, 112
Trd, 085958.033, 111
Trd, 085958.350, 126
Trd, 085958.633, 106
Trd, 085958.767, 102
Trd, 085958.783, 123
Trd, 085958.850, 128
Trd, 085958.933, 131
Trd, 085959.017, 95
Trd, 085959.300, 92
Trd, 085959.450, 125
Trd, 085959.500, 126
Trd, 085959.567, 122
Trd, 085959.733, 86
Trd, 085959.900, 127
Trd, 085960.050, 83
Trd, 085960.367, 113
Trd, 085960.417, 106
Trd, 085960.750, 86
Trd, 085960.933, 130
Trd, 085961.217, 105
Trd, 085961.517, 109
Trd, 085961.783, 121
Trd, 085961.917, 121
Trd, 085962.167, 127
Trd, 085962.283, 123
Trd, 085962.650, 105
Trd, 085962.683, 105
Trd, 085962.733, 129
Trd, 085963.083, 139
Trd, 085963.150, 115
Trd, 085963.800, 140
Trd, 085964.117, 107
Trd, 085964.200, 136
Trd, 085964.350, 126
Trd, 085964.983, 116
Trd, 085965.067, 119
Trd, 085965.150, 114
Trd, 085965.250, 119
Trd, 085965.417, 98
Trd, 085965.433, 120
Trd, 085965.550, 139
Trd, 085965.767, 96
Trd, 085965.817, 93
Trd, 085965.883, 140
Trd, 085966.083, 94
Trd, 085966.583, 124
Trd, 085966.833, 126
Trd, 085967.033, 126
Trd, 085967.300, 120
Trd, 085967.650, 127
Trd, 085968.117, 137
Trd, 085968.400, 140
Trd, 085968.450, 123
Trd, 085968.533, 122
Trd, 085968.700, 121
Trd, 085968.733, 110
Trd, 085969.183, 122
Trd, 085969.467, 139
Trd, 085969.983, 140
Trd, 085970.117, 140
Trd, 085970.183, 139
Trd, 085971.150, 140
Trd, 085971.650, 133
Trd, 085971.783, 131
Trd, 085972.367, 131
Trd, 085972.633, 139
Trd, 085972.767, 139
Trd, 085972.800, 115
Trd, 085973.400, 135
Trd, 085973.450, 134
Trd, 085973.583, 137
Trd, 085973.650, 132
Trd, 085973.767, 127
Trd, 085974.117, 124
Trd, 085974.350, 113
Trd, 085974.400, 123
Trd, 085974.483, 111
Trd, 085974.617, 109
Trd, 085974.650, 106
Trd, 085974.733, 123
Trd, 085975.100, 111
Trd, 085975.183, 106
Trd, 085975.233, 104
Trd, 085975.500, 84
Trd, 085975.717, 91
Trd, 085975.850, 92
Trd, 085975.883, 111
Trd, 085976.033, 90
Trd, 085976.100, 87
Trd, 085976.217, 78
Trd, 085976.350, 96
Trd, 085976.433, 72
Trd, 085977.683, 140
Trd, 085977.750, 135
Trd, 085978.100, 128
Trd, 085978.133, 126
Trd, 085978.283, 137
Trd, 085978.317, 116
Trd, 085978.533, 113
Trd, 085980.017, 119
Trd, 085980.133, 130
Trd, 085980.217, 129
Trd, 085980.817, 129
Trd, 085981.033, 130
Trd, 085981.400, 128
Trd, 085981.433, 124
Trd, 085981.483, 123
Trd, 085981.517, 130
Trd, 085981.567, 111
Trd, 085982.050, 130
Trd, 085982.100, 91
Trd, 085982.283, 116
Trd, 085982.383, 131
Trd, 085982.500, 108
Trd, 085982.817, 132
Trd, 085983.200, 133
Trd, 085983.567, 121
Trd, 085983.983, 140
Trd, 085984.217, 136
Trd, 085984.600, 134
Trd, 085984.750, 120
Trd, 085985.183, 140
Trd, 085985.683, 120
Trd, 085985.717, 122
Trd, 085985.900, 111
Trd, 085986.217, 115
Trd, 085986.233, 109
Trd, 085986.483, 134
Trd, 085986.700, 124
Trd, 085986.950, 132
Trd, 085987.200, 131
Trd, 085987.350, 137
Trd, 085987.517, 125
Trd, 085987.567, 122
Trd, 085987.933, 139
Trd, 085988.700, 131
Trd, 085988.717, 124
Trd, 085988.750, 119
Trd, 085988.800, 117
Trd, 085989.067, 107
Trd, 085989.333, 116
Trd, 085989.367, 101
Trd, 085989.750, 136
Trd, 085989.917, 135
Trd, 085990.200, 135
Trd, 085990.617, 133
Trd, 085990.667, 132
Trd, 085991.083, 127
Trd, 085991.367, 135
Trd, 085992.317, 131
Trd, 085992.533, 133
Trd, 085992.550, 137
Trd, 085992.617, 118
Trd, 085993.283, 136
Trd, 085993.317, 114
Trd, 085993.517, 111
Trd, 085993.650, 137
Trd, 085993.733, 126
Trd, 085994.183, 139
Trd, 085994.317, 124
Trd, 085994.333, 114
Trd, 085994.817, 139
Trd, 085994.967, 139
Trd, 085995.367, 140
Trd, 085995.383, 139
Trd, 085995.767, 139
Trd, 085996.367, 140
Trd, 085996.533, 140
Trd, 085996.717, 140
Trd, 085996.883, 140
Trd, 085997.233, 131
Trd, 085997.333, 125
Trd, 085997.400, 124
Trd, 085998.317, 126
Trd, 085998.333, 127
Trd, 085998.433, 140
Trd, 085998.450, 115
Trd, 085998.883, 125
Trd, 085999.200, 132
Trd, 085999.367, 112
Trd, 085999.450, 111
Trd, 085999.583, 139
Trd, 085999.750, 102
Trd, 086000.467, 115
Trd, 086000.700, 102
Trd, 086000.950, 136
Trd, 086001.233, 116
Trd, 086001.783, 138
Trd, 086001.967, 137
Trd, 086002.233, 123
Trd, 086002.550, 140
Trd, 086002.767, 140
Trd, 086003.000, 140
Trd, 086003.317, 140
Trd, 086003.367, 140
Trd, 086003.683, 126
Trd, 086003.783, 124
Trd, 086003.800, 111
Trd, 086004.233, 114
Trd, 086004.617, 127
Trd, 086005.083, 125
Trd, 086005.233, 123
Trd, 086005.633, 110
Trd, 086006.150, 120
Trd, 086006.300, 122
Trd, 086006.533, 119
Trd, 086006.633, 124
Trd, 086006.917, 125
Trd, 086007.067, 106
Trd, 086007.367, 137
Trd, 086007.433, 112
Trd, 086007.600, 137
Trd, 086008.067, 117
Trd, 086008.617, 131
Trd, 086008.650, 130
Trd, 086008.667, 132
Trd, 086009.117, 117
Trd, 086009.483, 116
Trd, 086010.400, 136
Trd, 086010.500, 135
Trd, 086010.567, 133
Trd, 086010.650, 118
Trd, 086011.183, 118
Trd, 086011.200, 129
Trd, 086011.500, 129
Trd, 086011.567, 128
Trd, 086011.683, 127
Trd, 086011.883, 121
Trd, 086011.950, 128
Trd, 086012.117, 120
Trd, 086012.433, 137
Trd, 086012.600, 121
Trd, 086013.300, 127
Trd, 086013.317, 126
Trd, 086013.383, 125
Trd, 086013.533, 116
Trd, 086013.883, 131
Trd, 086014.517, 114
Trd, 086014.783, 117
Trd, 086014.817, 131
Trd, 086014.883, 132
Trd, 086015.300, 129
Trd, 086015.833, 135
Trd, 086015.983, 134
Trd, 086016.717, 137
Trd, 086016.933, 136
Trd, 086017.467, 137
Trd, 086017.717, 123
Trd, 086017.733, 137
Trd, 086017.917, 118
Trd, 086018.233, 129
Trd, 086018.283, 117
Trd, 086018.500, 137
Trd, 086018.700, 137
Trd, 086018.850, 128
Trd, 086018.983, 137
Trd, 086019.017, 120
Trd, 086019.217, 117
Trd, 086019.600, 138
Trd, 086019.733, 106
Trd, 086019.800, 105
Trd, 086020.133, 122
Trd, 086020.400, 140
Trd, 086020.517, 129
Trd, 086020.700, 139
Trd, 086021.150, 138
Trd, 086021.300, 132
Trd, 086021.750, 128
Trd, 086022.033, 140
Trd, 086022.450, 128
Trd, 086023.183, 138
Trd, 086023.417, 126
Trd, 086023.433, 125
Trd, 086023.517, 138
Trd, 086023.950, 139
Trd, 086024.150, 128
Trd, 086024.417, 129
Trd, 086024.600, 134
Trd, 086025.100, 130
Trd, 086025.117, 136
Trd, 086025.383, 129
Trd, 086026.017, 140
Trd, 086026.150, 140
Trd, 086026.600, 134
Trd, 086026.867, 140
Trd, 086026.950, 131
Trd, 086027.000, 127
Trd, 086027.100, 117
Trd, 086027.450, 138
Trd, 086027.467, 136
Trd, 086027.483, 113
Trd, 086027.567, 107
Trd, 086027.683, 139
Trd, 086028.317, 95
Trd, 086028.333, 89
Trd, 086028.583, 104
Trd, 086028.600, 111
Trd, 086029.000, 93
Trd, 086029.267, 121
Trd, 086029.667, 113
Trd, 086030.233, 120
Trd, 086030.317, 128
Trd, 086030.517, 129
Trd, 086030.783, 139
Trd, 086031.167, 140
Trd, 086031.433, 124
Trd, 086031.867, 140
Trd, 086031.883, 139
Trd, 086031.933, 137
Trd, 086032.183, 123
Trd, 086032.950, 109
Trd, 086033.333, 95
Trd, 086033.433, 92
Trd, 086033.450, 93
Trd, 086033.800, 103
Trd, 086033.833, 135
Trd, 086034.133, 96
Trd, 086034.233, 92
Trd, 086034.517, 136
Trd, 086034.883, 135
Trd, 086035.117, 138
Trd, 086035.633, 116
Trd, 086035.750, 134
Trd, 086035.817, 135
Trd, 086035.850, 113
Trd, 086036.167, 130
Trd, 086036.183, 102
Trd, 086036.500, 139
Trd, 086037.067, 132
Trd, 086037.667, 123
Trd, 086037.933, 123
Trd, 086038.367, 123
Trd, 086038.533, 122
Trd, 086039.067, 133
Trd, 086039.433, 138
Trd, 086039.533, 109
Trd, 086039.867, 133
Trd, 086040.017, 104
Trd, 086040.083, 110
Trd, 086040.517, 138
Trd, 086040.833, 139
Trd, 086041.400, 117
Trd, 086041.417, 108
Trd, 086041.733, 99
Trd, 086041.750, 93
Trd, 086042.333, 127
Trd, 086042.550, 111
Trd, 086042.717, 130
Trd, 086043.150, 114
Trd, 086043.200, 110
Trd, 086043.367, 110
Trd, 086043.450, 121
Trd, 086043.683, 114
Trd, 086043.717, 109
Trd, 086043.950, 98
Trd, 086044.050, 124
Trd, 086044.200, 126
Trd, 086044.233, 93
Trd, 086044.450, 94
Trd, 086044.517, 87
Trd, 086044.683, 122
Trd, 086044.817, 109
Trd, 086044.850, 128
Trd, 086045.350, 138
Trd, 086045.417, 109
Trd, 086045.833, 98
Trd, 086046.133, 109
Trd, 086046.250, 97
Trd, 086046.517, 128
Trd, 086047.267, 139
Trd, 086047.483, 124
Trd, 086047.550, 124
Trd, 086047.567, 104
Trd, 086047.683, 135
Trd, 086047.933, 95
Trd, 086047.950, 97
Trd, 086048.217, 102
Trd, 086048.317, 103
Trd, 086048.350, 94
Trd, 086048.733, 139
Trd, 086049.100, 103
Trd, 086050.033, 134
Trd, 086050.317, 135
Trd, 086050.383, 96
Trd, 086050.583, 116
Trd, 086051.100, 100
Trd, 086051.883, 122
Trd, 086051.917, 124
Trd, 086052.150, 124
Trd, 086052.583, 128
Trd, 086052.850, 139
Trd, 086052.917, 124
Trd, 086053.283, 138
Trd, 086053.383, 128
Trd, 086053.417, 133
Trd, 086053.867, 129
Trd, 086054.100, 129
Trd, 086054.267, 123
Trd, 086054.333, 122
Trd, 086054.433, 122
Trd, 086055.333, 125
Trd, 086055.450, 123
Trd, 086055.583, 136
Trd, 086055.717, 123
Trd, 086055.983, 132
Trd, 086056.033, 122
Trd, 086056.200, 133
Trd, 086056.367, 121
Trd, 086056.500, 132
Trd, 086056.533, 110
Trd, 086057.083, 130
Trd, 086057.150, 119
Trd, 086057.400, 123
Trd, 086057.783, 120
Trd, 086058.017, 130
Trd, 086058.067, 129
Trd, 086058.083, 118
Trd, 086058.933, 107
Trd, 086059.483, 131
Trd, 086060.250, 140
Trd, 086060.450, 135
Trd, 086060.783, 118
Trd, 086060.933, 107
Trd, 086061.267, 98
Trd, 086061.317, 115
Trd, 086061.467, 109
Trd, 086061.533, 90
Trd, 086062.717, 139
Trd, 086062.867, 132
Trd, 086063.017, 127
Trd, 086063.217, 128
Trd, 086063.433, 140
Trd, 086063.767, 137
Trd, 086063.900, 135
Trd, 086064.150, 128
Trd, 086064.567, 136
Trd, 086064.600, 129
Trd, 086064.667, 124
Trd, 086064.700, 118
Trd, 086065.167, 116
Trd, 086065.667, 119
Trd, 086065.883, 115
Trd, 086065.967, 114
Trd, 086066.417, 130
Trd, 086066.467, 136
Trd, 086066.683, 126
Trd, 086066.783, 122
Trd, 086067.183, 132
Trd, 086067.550, 134
Trd, 086067.600, 133
Trd, 086067.633, 125
Trd, 086067.983, 118
Trd, 086068.233, 115
Trd, 086069.017, 106
Trd, 086069.383, 127
Trd, 086069.483, 108
Trd, 086069.517, 114
Trd, 086069.567, 107
Trd, 086069.683, 102
Trd, 086069.733, 111
Trd, 086069.750, 112
Trd, 086070.183, 118
Trd, 086070.283, 125
Trd, 086070.517, 125
Trd, 086070.817, 117
Trd, 086070.950, 128
Trd, 086071.450, 139
Trd, 086071.567, 122
Trd, 086071.650, 117
Trd, 086071.667, 115
Trd, 086072.017, 131
Trd, 086072.833, 130
Trd, 086073.400, 133
Trd, 086073.433, 131
Trd, 086073.450, 129
Trd, 086073.667, 127
Trd, 086073.933, 126
Trd, 086074.167, 116
Trd, 086074.283, 118
Trd, 086074.400, 129
Trd, 086074.483, 107
Trd, 086074.750, 131
Trd, 086074.817, 124
Trd, 086074.900, 98
Trd, 086075.300, 119
Trd, 086075.417, 118
Trd, 086075.933, 106
Trd, 086075.967, 104
Trd, 086076.317, 97
Trd, 086076.483, 96
Trd, 086076.600, 85
Trd, 086076.833, 119
Trd, 086077.067, 96
Trd, 086077.167, 85
Trd, 086077.300, 86
Trd, 086077.367, 109
Trd, 086077.467, 71
Trd, 086078.200, 138
Trd, 086078.317, 128
Trd, 086078.650, 137
Trd, 086078.900, 135
Trd, 086079.167, 110
Trd, 086079.433, 108
Trd, 086079.650, 123
Trd, 086080.067, 123
Trd, 086080.133, 124
Trd, 086080.350, 138
Trd, 086080.367, 110
Trd, 086080.517, 106
Trd, 086080.767, 106
Trd, 086080.950, 119
Trd, 086081.083, 105
Trd, 086081.600, 135
Trd, 086081.817, 134
Trd, 086082.467, 122
Trd, 086082.650, 124
Trd, 086082.900, 128
Trd, 086083.283, 128
Trd, 086083.300, 124
Trd, 086083.933, 135
Trd, 086084.000, 130
Trd, 086084.033, 123
Trd, 086084.183, 112
Trd, 086084.433, 130
Trd, 086084.800, 140
Trd, 086085.150, 136
Trd, 086085.433, 112
Trd, 086085.633, 116
Trd, 086085.750, 120
Trd, 086086.117, 113
Trd, 086086.233, 112
Trd, 086086.467, 109
Trd, 086086.500, 110
Trd, 086086.567, 124
Trd, 086086.783, 118
Trd, 086086.833, 103
Trd, 086087.250, 91
Trd, 086087.750, 118
Trd, 086087.883, 101
Trd, 086087.900, 123
Trd, 086088.083, 105
Trd, 086088.567, 122
Trd, 086088.850, 139
Trd, 086088.917, 125
Trd, 086089.217, 135
Trd, 086089.317, 119
Trd, 086089.600, 104
Trd, 086089.967, 107
Trd, 086090.000, 108
Trd, 086090.050, 103
Trd, 086090.100, 122
Trd, 086090.133, 69
Trd, 086091.317, 138
Trd, 086091.833, 140
Trd, 086091.933, 138
Trd, 086092.933, 140
Trd, 086093.333, 140
Trd, 086093.900, 140
Trd, 086094.017, 136
Trd, 086094.350, 135
Trd, 086094.550, 136
Trd, 086094.733, 137
Trd, 086094.867, 136
Trd, 086094.917, 134
Trd, 086095.033, 129
Trd, 086095.117, 115
Trd, 086095.133, 114
Trd, 086095.200, 128
Trd, 086095.567, 123
Trd, 086095.717, 128
Trd, 086096.333, 115
Trd, 086096.367, 114
Trd, 086096.683, 126
Trd, 086096.950, 130
Trd, 086097.050, 123
Trd, 086097.133, 117
Trd, 086097.183, 112
Trd, 086097.267, 131
Trd, 086097.400, 138
Trd, 086097.700, 128
Trd, 086097.900, 109
Trd, 086098.167, 127
Trd, 086098.317, 136
Trd, 086098.467, 138
Trd, 086098.900, 89
Trd, 086099.267, 112
Trd, 086099.683, 126
Trd, 086099.717, 119
Trd, 086100.033, 132
Trd, 086100.250, 113
Trd, 086100.617, 128
Trd, 086100.683, 114
Trd, 086101.100, 113
Trd, 086101.267, 135
Trd, 086101.517, 137
Trd, 086101.533, 112
Trd, 086101.850, 135
Trd, 086101.867, 105
Trd, 086102.483, 140
Trd, 086102.767, 140
Trd, 086103.117, 130
Trd, 086103.150, 124
Trd, 086103.400, 110
Trd, 086104.600, 139
Trd, 086104.683, 139
Trd, 086104.800, 133
Trd, 086105.250, 128
Trd, 086105.767, 120
Trd, 086105.850, 118
Trd, 086106.083, 106
Trd, 086106.683, 123
Trd, 086106.767, 122
Trd, 086107.117, 123
Trd, 086107.217, 124
Trd, 086107.483, 139
Trd, 086107.567, 117
Trd, 086107.767, 117
Trd, 086107.917, 109
Trd, 086107.967, 100
Trd, 086108.200, 121
Trd, 086108.533, 131
Trd, 086108.783, 135
Trd, 086108.850, 132
Trd, 086109.100, 139
Trd, 086109.283, 130
Trd, 086109.450, 139
Trd, 086109.750, 129
Trd, 086110.000, 115
Trd, 086110.183, 112
Trd, 086110.450, 107
Trd, 086111.133, 139
Trd, 086111.550, 139
Trd, 086111.800, 136
Trd, 086111.950, 133
Trd, 086112.400, 134
Trd, 086112.500, 132
Trd, 086112.817, 129
Trd, 086112.983, 129
Trd, 086113.617, 129
Trd, 086113.983, 117
Trd, 086114.050, 125
Trd, 086114.067, 116
Trd, 086114.433, 131
Trd, 086114.450, 132
Trd, 086114.633, 129
Trd, 086114.833, 135
Trd, 086115.100, 112
Trd, 086115.433, 111
Trd, 086115.933, 127
Trd, 086116.283, 129
Trd, 086116.517, 131
Trd, 086117.150, 131
Trd, 086117.267, 122
Trd, 086117.417, 113
Trd, 086117.500, 112
Trd, 086118.217, 129
Trd, 086118.333, 136
Trd, 086118.567, 110
Trd, 086118.817, 107
Trd, 086118.867, 136
Trd, 086118.950, 105
Trd, 086119.033, 105
Trd, 086119.167, 137
Trd, 086119.267, 127
Trd, 086119.700, 125
Trd, 086119.867, 127
Trd, 086120.100, 133
Trd, 086120.150, 118
Trd, 086120.283, 135
Trd, 086120.367, 133
Trd, 086120.433, 136
Trd, 086121.183, 118
Trd, 086121.267, 117
Trd, 086121.500, 101
Trd, 086121.583, 97
Trd, 086121.600, 127
Trd, 086122.200, 104
Trd, 086122.283, 116
Trd, 086122.917, 100
Trd, 086123.100, 110
Trd, 086123.217, 112
Trd, 086123.450, 115
Trd, 086123.667, 128
Trd, 086124.050, 131
Trd, 086124.300, 131
Trd, 086124.667, 131
Trd, 086124.717, 132
Trd, 086124.833, 134
Trd, 086124.900, 130
Trd, 086124.917, 135
Trd, 086124.983, 122
Trd, 086125.067, 109
Trd, 086125.317, 140
Trd, 086125.383, 103
Trd, 086125.550, 97
Trd, 086125.783, 84
Trd, 086125.917, 90
Trd, 086126.167, 129
Trd, 086126.333, 105
Trd, 086126.517, 134
Trd, 086126.533, 115
Trd, 086126.567, 128
Trd, 086126.600, 76
Trd, 086127.200, 74
Trd, 086127.283, 82
Trd, 086127.750, 138
Trd, 086128.717, 140
Trd, 086128.950, 140
Trd, 086128.983, 139
Trd, 086129.167, 137
Trd, 086129.317, 134
Trd, 086129.367, 136
Trd, 086129.450, 135
Trd, 086129.617, 134
Trd, 086129.683, 133
Trd, 086130.000, 128
Trd, 086130.050, 128
Trd, 086130.600, 120
Trd, 086130.633, 111
Trd, 086130.767, 106
Trd, 086130.917, 122
Trd, 086131.283, 130
Trd, 086131.367, 129
Trd, 086131.883, 106
Trd, 086132.117, 131
Trd, 086132.217, 132
Trd, 086132.450, 125
Trd, 086132.617, 133
Trd, 086132.817, 119
Trd, 086132.983, 134
Trd, 086133.150, 108
Trd, 086133.433, 121
Trd, 086133.767, 106
Trd, 086133.983, 140
Trd, 086134.100, 101
Trd, 086134.150, 101
Trd, 086134.450, 101
Trd, 086134.717, 114
Trd, 086135.283, 96
Trd, 086135.400, 95
Trd, 086135.483, 93
Trd, 086135.550, 132
Trd, 086135.600, 86
Trd, 086135.883, 108
Trd, 086135.933, 81
Trd, 086136.400, 106
Trd, 086136.817, 100
Trd, 086136.983, 101
Trd, 086137.217, 107
Trd, 086137.283, 85
Trd, 086137.550, 84
Trd, 086137.650, 95
Trd, 086137.700, 96
Trd, 086138.083, 108
Trd, 086138.317, 113
Trd, 086138.700, 114
Trd, 086139.333, 129
Trd, 086139.700, 130
Trd, 086139.883, 129
Trd, 086139.900, 127
Trd, 086140.033, 125
Trd, 086140.317, 118
Trd, 086140.967, 127
Trd, 086141.050, 115
Trd, 086141.117, 130
Trd, 086141.183, 119
Trd, 086141.267, 134
Trd, 086142.083, 124
Trd, 086142.300, 120
Trd, 086142.483, 119
Trd, 086142.517, 109
Trd, 086143.183, 104
Trd, 086143.317, 93
Trd, 086143.683, 130
Trd, 086143.933, 133
Trd, 086144.067, 127
Trd, 086144.383, 133
Trd, 086144.567, 123
Trd, 086145.350, 106
Trd, 086145.400, 105
Trd, 086145.667, 113
Trd, 086145.767, 101
Trd, 086145.883, 88
Trd, 086146.033, 114
Trd, 086146.050, 119
Trd, 086146.317, 100
Trd, 086146.483, 88
Trd, 086146.583, 90
Trd, 086146.933, 83
Trd, 086147.050, 81
Trd, 086147.450, 78
Trd, 086147.500, 79
Trd, 086147.567, 91
Trd, 086148.333, 133
Trd, 086148.450, 127
Trd, 086148.700, 117
Trd, 086149.083, 105
Trd, 086149.383, 124
Trd, 086149.683, 116
Trd, 086149.833, 112
Trd, 086149.867, 104
Trd, 086150.617, 128
Trd, 086151.033, 123
Trd, 086151.083, 109
Trd, 086151.317, 103
Trd, 086151.767, 127
Trd, 086151.900, 126
Trd, 086151.917, 128
Trd, 086152.017, 118
Trd, 086152.417, 108
Trd, 086152.433, 127
Trd, 086152.467, 95
Trd, 086152.517, 128
Trd, 086152.767, 101
Trd, 086152.833, 97
Trd, 086153.600, 138
Trd, 086153.767, 138
Trd, 086153.983, 117
Trd, 086154.317, 108
Trd, 086154.567, 139
Trd, 086155.267, 127
Trd, 086155.417, 127
Trd, 086155.450, 114
Trd, 086156.083, 140
Trd, 086156.233, 140
Trd, 086156.300, 140
Trd, 086156.400, 135
Trd, 086156.483, 133
Trd, 086156.650, 139
Trd, 086156.917, 137
Trd, 086157.517, 140
Trd, 086157.683, 139
Trd, 086158.300, 140
Trd, 086158.450, 133
Trd, 086158.483, 136
Trd, 086158.650, 134
Trd, 086158.867, 135
Trd, 086159.150, 125
Trd, 086159.533, 126
Trd, 086159.750, 125
Trd, 086160.067, 130
Trd, 086160.150, 132
Trd, 086160.283, 115
Trd, 086160.817, 104
Trd, 086161.133, 115
Trd, 086161.183, 114
Trd, 086161.267, 106
Trd, 086161.383, 124
Trd, 086161.533, 129
Trd, 086161.567, 104
Trd, 086162.033, 135
Trd, 086162.050, 123
Trd, 086162.650, 140
Trd, 086163.000, 140
Trd, 086163.183, 114
Trd, 086163.583, 112
Trd, 086163.733, 92
Trd, 086163.750, 104
Trd, 086163.967, 138
Trd, 086164.267, 109
Trd, 086164.283, 110
Trd, 086164.367, 91
Trd, 086164.383, 129
Trd, 086164.600, 125
Trd, 086164.717, 127
Trd, 086165.300, 125
Trd, 086165.350, 115
Trd, 086165.717, 140
Trd, 086165.767, 114
Trd, 086165.783, 93
Trd, 086165.917, 93
Trd, 086166.433, 140
Trd, 086166.717, 135
Trd, 086166.933, 127
Trd, 086167.100, 121
Trd, 086167.500, 137
Trd, 086168.167, 134
Trd, 086168.233, 124
Trd, 086168.250, 135
Trd, 086168.750, 124
Trd, 086169.200, 132
Trd, 086169.417, 131
Trd, 086169.650, 123
Trd, 086169.783, 127
Trd, 086170.467, 140
Trd, 086170.483, 127
Trd, 086170.900, 140
Trd, 086171.050, 132
Trd, 086171.183, 117
Trd, 086171.250, 116
Trd, 086171.417, 131
Trd, 086172.017, 134
Trd, 086172.583, 125
Trd, 086172.683, 121
Trd, 086172.767, 125
Trd, 086172.900, 124
Trd, 086172.917, 121
Trd, 086173.667, 139
Trd, 086173.800, 139
Trd, 086173.833, 134
Trd, 086173.983, 133
Trd, 086174.083, 138
Trd, 086174.233, 133
Trd, 086174.267, 134
Trd, 086174.350, 137
Trd, 086174.400, 127
Trd, 086174.633, 109
Trd, 086175.183, 118
Trd, 086175.700, 103
Trd, 086175.767, 117
Trd, 086175.783, 101
Trd, 086176.350, 115
Trd, 086176.550, 115
Trd, 086176.883, 134
Trd, 086177.200, 130
Trd, 086177.367, 117
Trd, 086177.733, 140
Trd, 086178.317, 140
Trd, 086178.767, 130
Trd, 086178.867, 130
Trd, 086178.883, 129
Trd, 086179.017, 134
Trd, 086179.300, 134
Trd, 086179.333, 126
Trd, 086179.717, 123
Trd, 086179.983, 128
Trd, 086180.067, 122
Trd, 086180.150, 109
Trd, 086180.633, 114
Trd, 086180.800, 132
Trd, 086181.183, 119
Trd, 086181.517, 104
Trd, 086181.783, 125
Trd, 086182.217, 118
Trd, 086182.333, 116
Trd, 086182.450, 119
Trd, 086182.600, 103
Trd, 086182.650, 124
Trd, 086183.350, 103
Trd, 086183.367, 102
Trd, 086183.850, 140
Trd, 086183.883, 118
Trd, 086184.133, 120
Trd, 086184.267, 111
Trd, 086184.300, 107
Trd, 086184.350, 96
Trd, 086184.417, 88
Trd, 086184.517, 122
Trd, 086184.967, 129
Trd, 086185.150, 132
Trd, 086185.167, 103
Trd, 086185.367, 101
Trd, 086185.533, 88
Trd, 086186.333, 136
Trd, 086186.850, 140
Trd, 086187.017, 140
Trd, 086187.083, 125
Trd, 086187.333, 129
Trd, 086187.533, 135
Trd, 086188.033, 139
Trd, 086188.083, 130
Trd, 086188.183, 128
Trd, 086188.500, 125
Trd, 086188.750, 135
Trd, 086189.083, 134
Trd, 086189.167, 137
Trd, 086189.683, 117
Trd, 086189.833, 121
Trd, 086190.017, 116
Trd, 086190.333, 118
Trd, 086190.483, 107
Trd, 086191.067, 108
Trd, 086191.100, 116
Trd, 086191.283, 133
Trd, 086191.300, 134
Trd, 086191.900, 119
Trd, 086191.917, 106
Trd, 086192.267, 122
Trd, 086192.500, 105
Trd, 086193.000, 138
Trd, 086193.067, 135
Trd, 086193.383, 126
Trd, 086193.683, 107
Trd, 086193.850, 117
Trd, 086194.133, 123
Trd, 086194.267, 129
Trd, 086194.767, 117
Trd, 086195.433, 98
Trd, 086195.533, 117
Trd, 086196.000, 114
Trd, 086196.100, 86
Trd, 086196.167, 116
Trd, 086196.400, 82
Trd, 086196.533, 86
Trd, 086196.567, 118
Trd, 086196.633, 81
Trd, 086196.683, 109
Trd, 086197.600, 109
Trd, 086197.683, 108
Trd, 086197.800, 98
Trd, 086198.217, 140
Trd, 086198.317, 130
Trd, 086199.233, 140
Trd, 086199.683, 137
Trd, 086199.783, 128
Trd, 086200.217, 140
Trd, 086200.283, 139
Trd, 086200.300, 136
Trd, 086200.483, 136
Trd, 086200.950, 127
Trd, 086201.183, 139
Trd, 086202.050, 132
Trd, 086202.133, 139
Trd, 086202.200, 125
Trd, 086202.600, 125
Trd, 086202.750, 136
Trd, 086203.850, 134
Trd, 086204.000, 133
Trd, 086204.050, 127
Trd, 086204.333, 135
Trd, 086204.433, 117
Trd, 086204.517, 116
Trd, 086204.650, 112
Trd, 086205.000, 136
Trd, 086205.333, 118
Trd, 086205.800, 127
Trd, 086205.883, 130
Trd, 086206.250, 128
Trd, 086206.417, 130
Trd, 086206.450, 127
Trd, 086206.667, 126
Trd, 086206.817, 125
Trd, 086206.917, 116
Trd, 086207.050, 112
Trd, 086207.200, 101
Trd, 086207.283, 108
Trd, 086207.383, 74
Trd, 086207.683, 140
Trd, 086207.783, 134
Trd, 086208.500, 103
Trd, 086208.600, 104
Trd, 086208.833, 140
Trd, 086208.867, 103
Trd, 086209.233, 137
Trd, 086209.350, 135
Trd, 086209.433, 117
Trd, 086209.717, 118
Trd, 086209.983, 98
Trd, 086210.350, 137
Trd, 086210.533, 126
Trd, 086210.833, 134
Trd, 086211.800, 120
Trd, 086211.950, 128
Trd, 086212.167, 128
Trd, 086212.633, 117
Trd, 086212.800, 121
Trd, 086212.900, 116
Trd, 086213.067, 107
Trd, 086213.617, 122
Trd, 086213.717, 121
Trd, 086213.733, 125
Trd, 086213.950, 137
Trd, 086213.967, 104
Trd, 086214.100, 109
Trd, 086214.167, 114
Trd, 086214.417, 91
Trd, 086214.700, 132
Trd, 086215.167, 85
Trd, 086215.267, 84
Trd, 086215.717, 101
Trd, 086215.850, 138
Trd, 086216.167, 108
Trd, 086216.200, 121
Trd, 086216.367, 98
Trd, 086216.717, 103
Trd, 086217.250, 103
Trd, 086217.267, 114
Trd, 086217.283, 127
Trd, 086217.367, 128
Trd, 086217.467, 103
Trd, 086217.833, 124
Trd, 086217.917, 130
Trd, 086217.983, 104
Trd, 086218.383, 102
Trd, 086218.533, 103
Trd, 086218.817, 92
Trd, 086219.133, 120
Trd, 086219.217, 140
Trd, 086219.250, 104
Trd, 086219.433, 128
Trd, 086219.467, 138
Trd, 086220.433, 112
Trd, 086220.533, 126
Trd, 086220.633, 127
Trd, 086222.400, 133
Trd, 086222.950, 136
Trd, 086223.067, 135
Trd, 086223.083, 131
Trd, 086223.450, 140
Trd, 086223.483, 136
Trd, 086223.833, 140
Trd, 086223.850, 140
Trd, 086223.933, 136
Trd, 086224.050, 127
Trd, 086224.333, 125
Trd, 086224.400, 128
Trd, 086224.417, 129
Trd, 086224.533, 124
Trd, 086225.117, 125
Trd, 086225.350, 121
Trd, 086225.467, 120
Trd, 086225.633, 117
Trd, 086226.083, 117
Trd, 086226.217, 115
Trd, 086226.350, 105
Trd, 086226.500, 121
Trd, 086226.550, 92
Trd, 086227.100, 121
Trd, 086227.617, 128
Trd, 086227.867, 126
Trd, 086227.950, 131
Trd, 086228.050, 119
Trd, 086228.417, 130
Trd, 086228.933, 124
Trd, 086229.300, 126
Trd, 086229.650, 115
Trd, 086230.000, 111
Trd, 086230.233, 131
Trd, 086230.467, 127
Trd, 086230.883, 122
Trd, 086230.933, 121
Trd, 086230.967, 120
Trd, 086231.117, 126
Trd, 086231.467, 108
Trd, 086231.533, 107
Trd, 086231.550, 108
Trd, 086231.583, 125
Trd, 086231.833, 103
Trd, 086231.850, 107
Trd, 086231.933, 122
Trd, 086231.983, 126
Trd, 086232.550, 138
Trd, 086232.633, 117
Trd, 086233.033, 135
Trd, 086233.067, 113
Trd, 086233.133, 100
Trd, 086234.000, 140
Trd, 086234.383, 136
Trd, 086234.483, 129
Trd, 086234.500, 123
Trd, 086234.633, 128
Trd, 086234.983, 122
Trd, 086235.167, 121
Trd, 086235.200, 130
Trd, 086235.233, 111
Trd, 086235.583, 111
Trd, 086236.417, 93
Trd, 086236.600, 116
Trd, 086237.217, 139
Trd, 086237.250, 103
Trd, 086237.467, 88
Trd, 086237.850, 84
Trd, 086238.100, 108
Trd, 086238.150, 111
Trd, 086238.183, 110
Trd, 086238.217, 112
Trd, 086239.233, 138
Trd, 086239.367, 133
Trd, 086239.600, 110
Trd, 086239.683, 128
Trd, 086239.733, 113
Trd, 086239.983, 116
Trd, 086240.367, 132
Trd, 086240.917, 140
Trd, 086241.000, 114
Trd, 086241.250, 122
Trd, 086241.500, 114
Trd, 086241.800, 109
Trd, 086241.900, 128
Trd, 086242.200, 121
Trd, 086242.300, 122
Trd, 086242.483, 109
Trd, 086242.567, 122
Trd, 086243.033, 108
Trd, 086243.200, 123
Trd, 086243.500, 102
Trd, 086244.000, 135
Trd, 086244.067, 117
Trd, 086245.083, 140
Trd, 086245.183, 125
Trd, 086245.633, 140
Trd, 086245.683, 139
Trd, 086245.900, 137
Trd, 086246.000, 125
Trd, 086246.233, 138
Trd, 086246.317, 140
Trd, 086246.383, 137
Trd, 086246.967, 132
Trd, 086247.167, 126
Trd, 086247.833, 139
Trd, 086247.900, 140
Trd, 086248.150, 139
Trd, 086248.400, 131
Trd, 086248.467, 108
Trd, 086248.817, 130
Trd, 086249.000, 99
Trd, 086249.700, 132
Trd, 086250.600, 140
Trd, 086250.817, 140
Trd, 086250.967, 140
Trd, 086251.083, 138
Trd, 086251.317, 132
Trd, 086251.483, 127
Trd, 086252.017, 140
Trd, 086252.217, 139
Trd, 086252.650, 139
Trd, 086252.667, 127
Trd, 086253.217, 126
Trd, 086253.733, 124
Trd, 086253.983, 134
Trd, 086254.050, 133
Trd, 086254.450, 124
Trd, 086254.683, 130
Trd, 086255.050, 134
Trd, 086255.300, 133
Trd, 086255.417, 135
Trd, 086255.817, 130
Trd, 086255.850, 129
Trd, 086256.783, 126
Trd, 086257.000, 120
Trd, 086257.083, 138
Trd, 086257.417, 117
Trd, 086257.717, 115
Trd, 086257.983, 115
Trd, 086258.017, 132
Trd, 086258.183, 111
Trd, 086258.517, 131
Trd, 086258.533, 109
Trd, 086258.667, 105
Trd, 086258.750, 105
Trd, 086258.767, 106
Trd, 086258.817, 133
Trd, 086259.083, 124
Trd, 086259.583, 125
Trd, 086260.300, 126
Trd, 086260.433, 131
Trd, 086261.150, 121
Trd, 086261.283, 116
Trd, 086261.450, 121
Trd, 086261.617, 116
Trd, 086261.683, 110
Trd, 086261.833, 108
Trd, 086261.867, 105
Trd, 086262.400, 115
Trd, 086262.567, 114
Trd, 086262.867, 116
Trd, 086263.200, 104
Trd, 086263.283, 116
Trd, 086263.683, 131
Trd, 086263.750, 107
Trd, 086263.950, 132
Trd, 086264.467, 139
Trd, 086264.617, 134
Trd, 086264.950, 119
Trd, 086265.200, 116
Trd, 086265.600, 127
Trd, 086266.000, 140
Trd, 086266.150, 140
Trd, 086266.233, 140
Trd, 086266.400, 130
Trd, 086266.700, 131
Trd, 086266.817, 129
Trd, 086266.983, 122
Trd, 086267.033, 107
Trd, 086267.800, 140
Trd, 086267.900, 140
Trd, 086268.067, 139
Trd, 086268.183, 140
Trd, 086268.817, 116
Trd, 086269.050, 115
Trd, 086269.233, 119
Trd, 086269.400, 105
Trd, 086269.483, 106
Trd, 086269.533, 103
Trd, 086270.150, 136
Trd, 086270.233, 113
Trd, 086270.500, 113
Trd, 086270.550, 112
Trd, 086270.717, 106
Trd, 086270.767, 104
Trd, 086270.867, 117
Trd, 086271.183, 132
Trd, 086271.367, 138
Trd, 086271.517, 110
Trd, 086271.650, 109
Trd, 086271.700, 111
Trd, 086272.283, 137
Trd, 086272.350, 115
Trd, 086272.383, 112
Trd, 086273.233, 126
Trd, 086273.633, 139
Trd, 086274.017, 121
Trd, 086274.133, 117
Trd, 086274.450, 140
Trd, 086274.867, 136
Trd, 086275.383, 139
Trd, 086275.667, 138
Trd, 086275.717, 138
Trd, 086275.983, 131
Trd, 086276.133, 139
Trd, 086276.433, 138
Trd, 086276.700, 133
Trd, 086276.950, 132
Trd, 086277.183, 131
Trd, 086277.217, 125
Trd, 086277.333, 124
Trd, 086277.433, 110
Trd, 086277.700, 117
Trd, 086278.000, 122
Trd, 086278.167, 105
Trd, 086278.417, 121
Trd, 086278.717, 130
Trd, 086278.733, 131
Trd, 086279.300, 117
Trd, 086279.517, 106
Trd, 086279.600, 105
Trd, 086280.183, 128
Trd, 086280.283, 109
Trd, 086280.500, 114
Trd, 086280.617, 108
Trd, 086280.767, 105
Trd, 086280.933, 113
Trd, 086281.133, 117
Trd, 086281.150, 119
Trd, 086281.683, 134
Trd, 086281.867, 135
Trd, 086281.983, 102
Trd, 086282.150, 119
Trd, 086282.183, 95
Trd, 086282.450, 115
Trd, 086282.900, 121
Trd, 086283.133, 83
Trd, 086283.567, 76
Trd, 086283.817, 137
Trd, 086283.850, 109
Trd, 086283.967, 101
Trd, 086284.667, 140
Trd, 086284.717, 139
Trd, 086285.133, 139
Trd, 086285.633, 125
Trd, 086286.000, 124
Trd, 086286.017, 134
Trd, 086286.333, 105
Trd, 086286.550, 139
Trd, 086287.167, 131
Trd, 086287.450, 131
Trd, 086287.500, 126
Trd, 086287.633, 123
Trd, 086287.817, 136
Trd, 086288.183, 114
Trd, 086288.400, 113
Trd, 086288.617, 119
Trd, 086288.800, 113
Trd, 086288.817, 119
Trd, 086289.067, 102
Trd, 086289.417, 102
Trd, 086289.450, 123
Trd, 086289.933, 116
Trd, 086290.867, 134
Trd, 086290.950, 135
Trd, 086290.967, 130
Trd, 086291.283, 118
Trd, 086291.650, 139
Trd, 086292.283, 134
Trd, 086292.567, 135
Trd, 086293.000, 136
Trd, 086293.217, 137
Trd, 086293.283, 128
Trd, 086293.400, 137
Trd, 086293.483, 138
Trd, 086293.600, 136
Trd, 086293.617, 136
Trd, 086294.250, 140
Trd, 086295.083, 140
Trd, 086295.300, 133
Trd, 086295.683, 140
Trd, 086295.783, 140
Trd, 086296.183, 128
Trd, 086296.600, 127
Trd, 086296.983, 123
Trd, 086297.300, 137
Trd, 086297.617, 138
Trd, 086297.717, 136
Trd, 086297.733, 106
Trd, 086298.017, 102
Trd, 086298.167, 102
Trd, 086298.450, 117
Trd, 086298.600, 118
Trd, 086298.717, 122
Trd, 086298.783, 125
Trd, 086299.067, 103
Trd, 086299.117, 137
Trd, 086299.383, 96
Trd, 086299.533, 139
Trd, 086299.883, 124
Trd, 086299.933, 102
Trd, 086300.217, 103
Trd, 086300.900, 96
Trd, 086300.933, 113
Trd, 086301.617, 101
Trd, 086301.717, 116
Trd, 086301.950, 100
Trd, 086301.967, 115
Trd, 086302.050, 97
Trd, 086302.233, 116
Trd, 086302.317, 125
Trd, 086302.767, 132
Trd, 086302.833, 133
Trd, 086302.950, 115
Trd, 086303.050, 98
Trd, 086303.533, 107
Trd, 086303.767, 107
Trd, 086304.650, 130
Trd, 086304.800, 105
Trd, 086304.850, 105
Trd, 086305.250, 101
Trd, 086305.300, 137
Trd, 086305.617, 137
Trd, 086305.667, 127
Trd, 086305.917, 132
Trd, 086305.933, 106
Trd, 086305.967, 101
Trd, 086306.350, 128
Trd, 086306.433, 118
Trd, 086306.900, 127
Trd, 086307.250, 119
Trd, 086307.283, 112
Trd, 086307.600, 120
Trd, 086307.650, 119
Trd, 086307.717, 99
Trd, 086307.883, 130
Trd, 086308.083, 131
Trd, 086308.183, 124
Trd, 086308.950, 124
Trd, 086309.417, 120
Trd, 086309.533, 123
Trd, 086309.583, 124
Trd, 086309.750, 118
Trd, 086310.417, 122
Trd, 086310.483, 108
Trd, 086310.600, 126
Trd, 086310.717, 102
Trd, 086310.917, 126
Trd, 086311.333, 138
Trd, 086311.367, 137
Trd, 086311.750, 134
Trd, 086312.033, 132
Trd, 086312.050, 128
Trd, 086312.633, 114
Trd, 086312.900, 124
Trd, 086313.083, 131
Trd, 086313.167, 114
Trd, 086313.350, 129
Trd, 086313.967, 105
Trd, 086314.333, 106
Trd, 086314.517, 123
Trd, 086314.583, 113
Trd, 086314.900, 140
Trd, 086315.733, 140
Trd, 086316.150, 138
Trd, 086316.217, 139
Trd, 086316.267, 128
Trd, 086316.333, 109
Trd, 086316.450, 107
Trd, 086316.483, 114
Trd, 086316.800, 117
Trd, 086316.967, 133
Trd, 086317.167, 140
Trd, 086318.133, 140
Trd, 086318.233, 139
Trd, 086318.350, 139
Trd, 086318.733, 139
Trd, 086319.183, 140
Trd, 086319.333, 138
Trd, 086319.500, 125
Trd, 086319.900, 133
Trd, 086320.067, 113
Trd, 086320.400, 110
Trd, 086320.417, 103
Trd, 086320.483, 93
Trd, 086320.633, 137
Trd, 086321.017, 135
Trd, 086321.217, 139
Trd, 086321.433, 134
Trd, 086321.867, 134
Trd, 086322.000, 122
Trd, 086322.017, 114
Trd, 086322.083, 98
Trd, 086322.250, 91
Trd, 086322.950, 113
Trd, 086323.200, 125
Trd, 086323.367, 112
Trd, 086323.433, 117
Trd, 086323.550, 127
Trd, 086323.800, 101
Trd, 086323.817, 100
Trd, 086324.233, 122
Trd, 086324.333, 64
Trd, 086324.550, 101
Trd, 086324.933, 69
Trd, 086325.100, 117
Trd, 086325.367, 136
Trd, 086325.433, 122
Trd, 086325.467, 135
Trd, 086325.567, 98
Trd, 086325.883, 137
Trd, 086326.633, 130
Trd, 086327.100, 129
Trd, 086327.167, 137
Trd, 086327.233, 109
Trd, 086327.350, 107
Trd, 086327.433, 98
Trd, 086327.700, 118
Trd, 086327.767, 137
Trd, 086327.933, 140
Trd, 086328.083, 99
Trd, 086328.183, 128
Trd, 086328.850, 139
Trd, 086329.667, 136
Trd, 086329.783, 137
Trd, 086329.833, 138
Trd, 086329.967, 129
Trd, 086330.233, 124
Trd, 086330.417, 123
Trd, 086330.783, 128
Trd, 086331.167, 108
Trd, 086331.233, 139
Trd, 086331.667, 99
Trd, 086331.800, 107
Trd, 086331.867, 91
Trd, 086332.400, 124
Trd, 086332.450, 105
Trd, 086332.667, 117
Trd, 086332.817, 113
Trd, 086333.017, 106
Trd, 086333.367, 89
Trd, 086333.450, 90
Trd, 086333.517, 84
Trd, 086333.617, 83
Trd, 086333.833, 127
Trd, 086333.933, 99
Trd, 086333.983, 128
Trd, 086334.067, 140
Trd, 086335.133, 137
Trd, 086335.533, 140
Trd, 086335.733, 133
Trd, 086335.850, 124
Trd, 086336.050, 124
Trd, 086336.133, 137
Trd, 086336.200, 123
Trd, 086336.350, 138
Trd, 086336.383, 116
Trd, 086336.650, 111
Trd, 086337.133, 109
Trd, 086337.667, 78
Trd, 086337.767, 106
Trd, 086337.900, 105
Trd, 086338.517, 106
Trd, 086338.583, 109
Trd, 086338.867, 110
Trd, 086339.000, 115
Trd, 086339.017, 85
Trd, 086339.400, 120
Trd, 086339.500, 128
Trd, 086340.417, 140
Trd, 086340.550, 140
Trd, 086340.800, 138
Trd, 086341.150, 131
Trd, 086341.417, 137
Trd, 086341.917, 117
Trd, 086342.033, 137
Trd, 086342.050, 119
Trd, 086342.100, 110
Trd, 086342.583, 101
Trd, 086342.667, 128
Trd, 086343.267, 129
Trd, 086343.417, 128
Trd, 086343.583, 113
Trd, 086343.950, 114
Trd, 086344.350, 110
Trd, 086344.417, 110
Trd, 086344.633, 111
Trd, 086344.667, 114
Trd, 086344.883, 106
Trd, 086345.167, 138
Trd, 086345.267, 137
Trd, 086345.483, 132
Trd, 086345.783, 140
Trd, 086345.800, 116
Trd, 086345.883, 112
Trd, 086346.067, 103
Trd, 086346.367, 116
Trd, 086346.467, 101
Trd, 086346.717, 123
Trd, 086346.850, 122
Trd, 086347.400, 122
Trd, 086347.783, 131
Trd, 086348.317, 134
Trd, 086348.467, 135
Trd, 086349.133, 136
Trd, 086349.167, 123
Trd, 086349.267, 123
Trd, 086349.333, 113
Trd, 086349.650, 107
Trd, 086349.967, 134
Trd, 086350.583, 117
Trd, 086350.867, 116
Trd, 086351.367, 120
Trd, 086351.500, 117
Trd, 086351.567, 127
Trd, 086351.733, 117
Trd, 086352.200, 136
Trd, 086352.283, 132
Trd, 086352.633, 131
Trd, 086352.783, 139
Trd, 086352.817, 106
Trd, 086353.183, 99
Trd, 086353.250, 109
Trd, 086353.283, 110
Trd, 086353.450, 100
Trd, 086353.550, 109
Trd, 086353.783, 98
Trd, 086354.133, 91
Trd, 086354.150, 110
Trd, 086354.500, 102
Trd, 086354.533, 109
Trd, 086355.033, 110
Trd, 086355.083, 100
Trd, 086355.767, 100
Trd, 086356.467, 112
Trd, 086356.517, 104
Trd, 086356.733, 140
Trd, 086357.083, 132
Trd, 086357.117, 121
Trd, 086357.200, 136
Trd, 086357.733, 135
Trd, 086357.950, 116
Trd, 086358.367, 138
Trd, 086358.900, 135
Trd, 086359.067, 112
Trd, 086359.150, 111
Trd, 086359.667, 118
Trd, 086359.817, 124
Trd, 086359.983, 106
Trd, 086360.017, 130
Trd, 086360.083, 133
Trd, 086360.200, 134
Trd, 086360.367, 135
Trd, 086360.417, 112
Trd, 086360.600, 128
Trd, 086360.633, 108
Trd, 086361.367, 100
Trd, 086361.400, 139
Trd, 086361.850, 109
Trd, 086362.800, 139
Trd, 086363.000, 139
Trd, 086363.517, 135
Trd, 086364.150, 139
Trd, 086364.200, 135
Trd, 086364.417, 140
Trd, 086364.933, 136
Trd, 086365.000, 138
Trd, 086365.050, 134
Trd, 086365.533, 126
Trd, 086365.583, 123
Trd, 086365.600, 119
Trd, 086366.333, 120
Trd, 086366.500, 118
Trd, 086366.933, 115
Trd, 086367.067, 118
Trd, 086367.150, 119
Trd, 086367.233, 111
Trd, 086367.300, 129
Trd, 086367.400, 105
Trd, 086367.567, 103
Trd, 086367.683, 112
Trd, 086367.733, 113
Trd, 086368.050, 109
Trd, 086368.383, 133
Trd, 086368.633, 139
Trd, 086368.783, 139
Trd, 086369.017, 139
Trd, 086369.167, 138
Trd, 086369.267, 126
Trd, 086369.283, 113
Trd, 086369.783, 117
Trd, 086370.133, 114
Trd, 086370.350, 115
Trd, 086370.650, 131
Trd, 086370.867, 114
Trd, 086370.967, 138
Trd, 086371.050, 140
Trd, 086371.333, 140
Trd, 086371.883, 115
Trd, 086371.900, 99
Trd, 086372.133, 116
Trd, 086372.183, 126
Trd, 086372.367, 113
Trd, 086372.717, 128
Trd, 086372.800, 129
Trd, 086373.000, 126
Trd, 086373.050, 101
Trd, 086373.333, 124
Trd, 086373.867, 140
Trd, 086374.017, 140
Trd, 086374.150, 139
Trd, 086374.567, 122
Trd, 086375.050, 140
Trd, 086375.550, 140
Trd, 086375.833, 139
Trd, 086376.017, 131
Trd, 086376.133, 130
Trd, 086376.217, 126
Trd, 086376.400, 120
Trd, 086377.167, 132
Trd, 086377.467, 115
Trd, 086377.667, 113
Trd, 086377.733, 103
Trd, 086377.900, 89
Trd, 086377.917, 130
Trd, 086377.967, 132
Trd, 086378.350, 114
Trd, 086378.450, 113
Trd, 086378.517, 104
Trd, 086378.883, 139
Trd, 086379.100, 127
Trd, 086379.283, 125
Trd, 086379.300, 124
Trd, 086379.517, 117
Trd, 086379.850, 127
Trd, 086380.350, 139
Trd, 086380.567, 138
Trd, 086380.733, 130
Trd, 086380.917, 129
Trd, 086381.600, 137
Trd, 086382.300, 131
Trd, 086382.533, 127
Trd, 086382.600, 126
Trd, 086382.733, 133
Trd, 086383.367, 103
Trd, 086384.183, 139
Trd, 086384.267, 139
Trd, 086384.417, 139
Trd, 086384.500, 134
Trd, 086384.533, 131
Trd, 086384.700, 120
Trd, 086384.817, 115
Trd, 086384.900, 113
Trd, 086385.033, 128
Trd, 086385.700, 112
Trd, 086386.000, 115
Trd, 086386.367, 110
Trd, 086386.483, 111
Trd, 086386.650, 125
Trd, 086386.733, 116
Trd, 086387.133, 132
Trd, 086387.517, 132
Trd, 086387.650, 131
Trd, 086387.833, 107
Trd, 086388.050, 132
Trd, 086388.150, 137
Trd, 086388.800, 117
Trd, 086388.817, 112
Trd, 086388.933, 130
Trd, 086389.067, 105
Trd, 086389.500, 106
Trd, 086389.550, 140
Trd, 086389.817, 101
Trd, 086390.300, 115
Trd, 086390.500, 98
Trd, 086390.667, 114
Trd, 086390.817, 100
Trd, 086390.883, 113
Trd, 086391.017, 100
Trd, 086391.100, 114
Trd, 086391.550, 103
Trd, 086391.717, 131
Trd, 086392.167, 127
Trd, 086392.283, 107
Trd, 086392.350, 110
Trd, 086392.417, 100
Trd, 086392.750, 133
Trd, 086392.800, 119
Trd, 086393.333, 105
Trd, 086393.450, 99
Trd, 086393.783, 111
Trd, 086393.967, 98
Trd, 086394.333, 131
Trd, 086394.483, 125
Trd, 086395.050, 122
Trd, 086395.133, 121
Trd, 086395.667, 136
Trd, 086395.683, 129
Trd, 086396.050, 134
Trd, 086396.217, 131
Trd, 086396.450, 136
Trd, 086396.550, 121
Trd, 086396.850, 134
Trd, 086397.017, 107
Trd, 086397.083, 103
Trd, 086397.333, 103
Trd, 086397.433, 106
Trd, 086397.567, 138
Trd, 086397.683, 136
Trd, 086397.833, 139
Trd, 086398.317, 126
Trd, 086399.067, 140
Trd, 086399.517, 139
Trd, 086399.617, 128
Trd, 086399.667, 127
