Trd, 081645.250, 464
Trd, 081645.400, 443
Trd, 081645.550, 432
Trd, 081645.650, 359
Trd, 081645.800, 400
Trd, 081646.700, 403
Trd, 081647.250, 398
Trd, 081846.450, 304
Trd, 081846.550, 280
Trd, 081846.750, 244
Trd, 081847.150, 233
Trd, 081847.400, 224
Trd, 081847.900, 221
Trd, 081849.850, 223
Trd, 081853.350, 221
Trd, 081946.750, 379
Trd, 081947.050, 240
Trd, 081947.550, 352
Trd, 081948.500, 320
Trd, 081948.900, 319
Trd, 081951.600, 322
Trd, 082067.550, 103
Trd, 082068.250, 210
Trd, 082068.700, 219
Trd, 082068.850, 197
Trd, 082069.450, 196
Trd, 082070.900, 194
Trd, 082137.700, 491
Trd, 082137.850, 411
Trd, 082138.100, 471
Trd, 082138.250, 470
Trd, 082138.400, 468
Trd, 082139.850, 470
Trd, 082145.350, 470
Trd, 082147.900, 469
Trd, 082148.600, 471
Trd, 082148.700, 469
Trd, 082149.500, 469
Trd, 082150.600, 471
Trd, 082151.450, 470
Trd, 082238.200, 259
Trd, 082238.400, 233
Trd, 082238.950, 230
Trd, 082239.500, 236
Trd, 082241.100, 231
Trd, 082242.450, 231
Trd, 082244.000, 231
Trd, 082247.350, 232
Trd, 082248.550, 457
Trd, 082248.600, 458
Trd, 082249.200, 467
Trd, 082249.800, 466
Trd, 082250.100, 471
Trd, 082251.200, 463
Trd, 082409.050, 453
Trd, 082409.250, 473
Trd, 082409.600, 468
Trd, 082409.950, 475
Trd, 082410.150, 484
Trd, 082410.250, 478
Trd, 082410.500, 457
Trd, 082412.250, 465
Trd, 082416.800, 460
Trd, 082419.200, 240
Trd, 082419.400, 257
Trd, 082419.950, 243
Trd, 082420.300, 225
Trd, 082420.600, 235
Trd, 082422.700, 234
Trd, 082429.200, 168
Trd, 082429.450, 157
Trd, 082430.400, 156
Trd, 082430.600, 168
Trd, 082431.100, 171
Trd, 082433.900, 152
Trd, 082435.500, 151
Trd, 082437.700, 152
Trd, 082439.300, 181
Trd, 082439.500, 222
Trd, 082439.700, 237
Trd, 082439.800, 183
Trd, 082439.900, 222
Trd, 082440.400, 259
Trd, 082441.000, 251
Trd, 082445.000, 257
Trd, 082445.850, 252
Trd, 082449.350, 336
Trd, 082449.500, 323
Trd, 082449.550, 320
Trd, 082450.800, 307
Trd, 082452.150, 304
Trd, 082452.950, 312
Trd, 082455.150, 299
Trd, 082455.650, 297
Trd, 082459.300, 333
Trd, 082459.850, 451
Trd, 082460.400, 437
Trd, 082460.600, 446
Trd, 082460.900, 439
Trd, 082461.750, 437
Trd, 082461.850, 434
Trd, 082463.300, 437
Trd, 082463.600, 446
Trd, 082464.450, 437
Trd, 082469.500, 453
Trd, 082469.650, 414
Trd, 082469.750, 461
Trd, 082470.450, 470
Trd, 082470.800, 420
Trd, 082472.100, 452
Trd, 082480.800, 478
Trd, 082481.800, 477
Trd, 082482.850, 480
Trd, 082484.050, 477
Trd, 082484.700, 479
Trd, 082490.000, 485
Trd, 082491.300, 491
Trd, 082493.700, 493
Trd, 082494.500, 490
Trd, 082494.750, 491
Trd, 082499.550, 477
Trd, 082499.800, 471
Trd, 082500.500, 481
Trd, 082501.700, 490
Trd, 082502.650, 490
Trd, 082503.200, 487
Trd, 082506.100, 489
Trd, 082509.850, 482
Trd, 082510.500, 483
Trd, 082510.700, 483
Trd, 082511.350, 484
Trd, 082512.950, 482
Trd, 082513.300, 485
Trd, 082513.950, 481
Trd, 082515.200, 488
Trd, 082519.800, 486
Trd, 082519.900, 477
Trd, 082520.050, 473
Trd, 082520.800, 444
Trd, 082521.900, 448
Trd, 082521.950, 448
Trd, 082523.800, 461
Trd, 082529.700, 246
Trd, 082529.750, 349
Trd, 082530.050, 336
Trd, 082530.800, 360
Trd, 082531.550, 339
Trd, 082531.600, 329
Trd, 082532.100, 325
Trd, 082539.900, 253
Trd, 082540.650, 306
Trd, 082540.700, 275
Trd, 082541.150, 278
Trd, 082541.350, 278
Trd, 082542.350, 314
Trd, 082543.250, 311
Trd, 082545.000, 309
Trd, 082549.950, 240
Trd, 082550.000, 225
Trd, 082550.350, 229
Trd, 082550.450, 221
Trd, 082551.300, 217
Trd, 082552.400, 216
Trd, 082553.400, 208
Trd, 082559.800, 242
Trd, 082560.000, 238
Trd, 082560.100, 211
Trd, 082560.250, 218
Trd, 082560.400, 210
Trd, 082560.550, 123
Trd, 082560.850, 149
Trd, 082562.750, 303
Trd, 082569.900, 393
Trd, 082570.150, 342
Trd, 082570.450, 345
Trd, 082570.550, 339
Trd, 082570.650, 317
Trd, 082571.100, 386
Trd, 082571.550, 396
Trd, 082571.900, 361
Trd, 082577.550, 364
Trd, 082578.900, 358
Trd, 082580.300, 475
Trd, 082580.350, 475
Trd, 082580.500, 493
Trd, 082581.100, 491
Trd, 082581.200, 489
Trd, 082582.850, 494
Trd, 082583.050, 489
Trd, 082584.550, 491
Trd, 082740.750, 151
Trd, 082740.850, 289
Trd, 082741.050, 222
Trd, 082741.550, 254
Trd, 082743.150, 213
Trd, 082745.050, 203
Trd, 082746.200, 206
Trd, 082751.500, 447
Trd, 082751.600, 462
Trd, 082758.100, 441
Trd, 082841.300, 272
Trd, 082841.550, 228
Trd, 082841.900, 221
Trd, 082842.700, 191
Trd, 082843.050, 188
Trd, 082843.450, 187
Trd, 082843.850, 183
Trd, 082844.900, 181
Trd, 082846.500, 181
Trd, 082921.650, 430
Trd, 082921.750, 403
Trd, 082922.100, 390
Trd, 082923.000, 409
Trd, 082923.350, 396
Trd, 082923.750, 390
Trd, 082924.600, 393
Trd, 082927.650, 393
Trd, 082982.050, 307
Trd, 082982.300, 292
Trd, 082982.350, 262
Trd, 082982.650, 239
Trd, 082982.850, 234
Trd, 082983.600, 207
Trd, 082989.050, 202
Trd, 083042.400, 356
Trd, 083042.650, 350
Trd, 083043.100, 377
Trd, 083043.500, 349
Trd, 083044.650, 397
Trd, 083045.700, 401
Trd, 083045.850, 396
Trd, 083048.550, 397
Trd, 083049.300, 400
Trd, 083092.850, 232
Trd, 083093.050, 223
Trd, 083093.150, 214
Trd, 083093.550, 225
Trd, 083093.600, 222
Trd, 083095.150, 213
Trd, 083098.650, 219
Trd, 083182.950, 265
Trd, 083183.100, 260
Trd, 083183.350, 224
Trd, 083183.550, 178
Trd, 083185.100, 183
Trd, 083185.150, 169
Trd, 083223.250, 433
Trd, 083223.350, 423
Trd, 083223.550, 449
Trd, 083223.650, 441
Trd, 083223.950, 427
Trd, 083224.450, 435
Trd, 083225.050, 446
Trd, 083225.450, 446
Trd, 083227.150, 444
Trd, 083263.450, 167
Trd, 083263.500, 167
Trd, 083263.650, 243
Trd, 083265.200, 247
Trd, 083266.400, 218
Trd, 083266.950, 192
Trd, 083303.800, 446
Trd, 083303.950, 438
Trd, 083304.000, 431
Trd, 083304.400, 428
Trd, 083305.000, 436
Trd, 083306.350, 434
Trd, 083307.000, 425
Trd, 083308.000, 423
Trd, 083309.350, 425
Trd, 083373.950, 494
Trd, 083374.250, 485
Trd, 083374.450, 436
Trd, 083375.650, 463
Trd, 083377.350, 459
Trd, 083404.000, 184
Trd, 083404.100, 190
Trd, 083404.350, 234
Trd, 083404.900, 274
Trd, 083406.350, 254
Trd, 083407.800, 260
Trd, 083408.600, 260
Trd, 083409.300, 257
Trd, 083554.800, 173
Trd, 083554.950, 169
Trd, 083555.400, 168
Trd, 083555.900, 173
Trd, 083556.050, 160
Trd, 083556.350, 173
Trd, 083556.750, 169
Trd, 083563.500, 180
Trd, 083635.200, 252
Trd, 083635.300, 225
Trd, 083635.700, 152
Trd, 083635.750, 140
Trd, 083635.900, 149
Trd, 083636.550, 112
Trd, 083636.700, 99
Trd, 083643.200, 76
Trd, 083685.400, 247
Trd, 083685.500, 324
Trd, 083685.700, 265
Trd, 083685.800, 279
Trd, 083685.900, 252
Trd, 083687.800, 336
Trd, 083688.550, 273
Trd, 083694.500, 274
Trd, 083735.900, 445
Trd, 083736.200, 452
Trd, 083736.250, 440
Trd, 083736.300, 434
Trd, 083736.450, 414
Trd, 083737.300, 376
Trd, 083737.650, 377
Trd, 083739.250, 378
Trd, 083739.700, 374
Trd, 083826.150, 272
Trd, 083826.400, 277
Trd, 083826.850, 293
Trd, 083826.900, 277
Trd, 083827.050, 260
Trd, 083827.550, 325
Trd, 083827.700, 261
Trd, 083829.600, 268
Trd, 083829.800, 282
Trd, 084107.550, 109
Trd, 084107.650, 198
Trd, 084107.950, 193
Trd, 084108.450, 122
Trd, 084108.950, 103
Trd, 084110.250, 154
Trd, 084115.700, 135
Trd, 084198.700, 477
Trd, 084204.550, 476
Trd, 084248.300, 252
Trd, 084248.450, 217
Trd, 084248.950, 194
Trd, 084249.650, 180
Trd, 084250.200, 170
Trd, 084250.650, 175
Trd, 084256.950, 173
Trd, 084257.900, 171
Trd, 084298.500, 222
Trd, 084298.700, 153
Trd, 084298.750, 156
Trd, 084299.300, 240
Trd, 084300.200, 240
Trd, 084300.300, 201
Trd, 084305.300, 242
Trd, 084378.850, 267
Trd, 084379.050, 332
Trd, 084379.600, 344
Trd, 084379.700, 352
Trd, 084379.750, 309
Trd, 084380.900, 317
Trd, 084380.950, 300
Trd, 084409.150, 257
Trd, 084409.300, 276
Trd, 084409.550, 288
Trd, 084409.750, 284
Trd, 084410.750, 235
Trd, 084410.850, 227
Trd, 084416.250, 227
Trd, 084417.550, 227
Trd, 084439.200, 469
Trd, 084439.800, 472
Trd, 084440.050, 470
Trd, 084440.850, 482
Trd, 084441.500, 479
Trd, 084442.550, 478
Trd, 084445.150, 477
Trd, 084445.600, 482
Trd, 084470.000, 484
Trd, 084470.500, 460
Trd, 084499.450, 304
Trd, 084499.750, 313
Trd, 084500.250, 286
Trd, 084500.650, 284
Trd, 084501.300, 286
Trd, 084503.250, 290
Trd, 084504.650, 288
Trd, 084529.600, 256
Trd, 084529.850, 295
Trd, 084529.900, 270
Trd, 084530.250, 225
Trd, 084531.100, 256
Trd, 084532.700, 256
Trd, 084536.400, 258
Trd, 084539.400, 259
Trd, 084600.000, 490
Trd, 084600.150, 431
Trd, 084600.300, 426
Trd, 084600.500, 433
Trd, 084601.200, 448
Trd, 084601.450, 437
Trd, 084601.600, 437
Trd, 084602.250, 435
Trd, 084605.800, 433
Trd, 084670.400, 394
Trd, 084670.500, 416
Trd, 084670.800, 376
Trd, 084671.050, 373
Trd, 084671.300, 364
Trd, 084671.750, 362
Trd, 084672.650, 386
Trd, 084672.950, 382
Trd, 084678.450, 399
Trd, 084710.700, 303
Trd, 084710.750, 279
Trd, 084710.800, 172
Trd, 084710.950, 173
Trd, 084711.300, 257
Trd, 084715.600, 257
Trd, 084719.900, 255
Trd, 084751.250, 493
Trd, 084801.100, 489
Trd, 084801.600, 480
Trd, 084801.850, 482
Trd, 084802.200, 436
Trd, 084806.500, 453
Trd, 084901.600, 482
Trd, 084901.900, 476
Trd, 084902.050, 420
Trd, 084903.050, 453
Trd, 084903.250, 441
Trd, 084905.650, 439
Trd, 084906.350, 435
Trd, 084907.250, 436
Trd, 085022.100, 282
Trd, 085022.500, 256
Trd, 085022.800, 195
Trd, 085023.350, 194
Trd, 085023.750, 196
Trd, 085024.250, 184
Trd, 085025.800, 184
Trd, 085030.250, 184
Trd, 085102.450, 285
Trd, 085102.850, 111
Trd, 085103.150, 118
Trd, 085103.400, 122
Trd, 085104.050, 203
Trd, 085104.450, 147
Trd, 085203.050, 120
Trd, 085203.150, 206
Trd, 085203.600, 251
Trd, 085204.600, 238
Trd, 085204.750, 236
Trd, 085206.200, 235
Trd, 085206.450, 223
Trd, 085206.850, 205
Trd, 085209.650, 218
Trd, 085665.350, 393
Trd, 085665.400, 409
Trd, 085665.650, 415
Trd, 085665.900, 418
Trd, 085672.750, 423
Trd, 085673.650, 427
Trd, 085675.350, 256
Trd, 085676.100, 272
Trd, 085676.350, 258
Trd, 085676.550, 257
Trd, 085677.950, 259
Trd, 085678.000, 257
Trd, 085678.650, 256
Trd, 085681.700, 258
Trd, 085775.850, 261
Trd, 085776.300, 250
Trd, 085776.600, 181
Trd, 085776.750, 166
Trd, 085776.900, 174
Trd, 085778.450, 130
Trd, 085782.400, 188
Trd, 085782.950, 185
Trd, 085856.250, 342
Trd, 085856.300, 324
Trd, 085856.850, 280
Trd, 085857.100, 283
Trd, 085857.550, 290
Trd, 085858.000, 272
Trd, 085858.300, 269
Trd, 085916.550, 474
Trd, 085916.700, 491
Trd, 085916.900, 453
Trd, 085917.400, 473
Trd, 085918.700, 479
Trd, 085923.700, 480
Trd, 085924.900, 480
Trd, 085977.000, 289
Trd, 085977.500, 273
Trd, 085977.950, 278
Trd, 085978.100, 266
Trd, 085978.200, 247
Trd, 085978.250, 202
Trd, 085980.300, 251
Trd, 085982.400, 323
Trd, 085982.950, 303
Trd, 086077.350, 304
Trd, 086077.450, 305
Trd, 086077.600, 266
Trd, 086077.750, 170
Trd, 086078.450, 277
Trd, 086078.900, 268
Trd, 086079.750, 257
Trd, 086082.300, 255
Trd, 086167.750, 485
Trd, 086169.350, 490
Trd, 086169.450, 486
Trd, 086170.300, 488
Trd, 086171.100, 491
Trd, 086172.500, 492
Trd, 086173.650, 493
Trd, 086278.300, 201
Trd, 086278.600, 216
Trd, 086278.800, 198
Trd, 086279.100, 182
Trd, 086280.150, 178
Trd, 086280.750, 183
Trd, 086282.350, 180
Trd, 086282.550, 176
Trd, 086378.850, 156
Trd, 086379.200, 171
Trd, 086379.400, 188
Trd, 086379.800, 169
Trd, 086381.800, 174
Trd, 086382.200, 175
Trd, 086383.150, 173
