Trd, 085758.467, 126
Trd, 085758.500, 119
Trd, 085758.600, 116
Trd, 085759.083, 132
Trd, 085759.467, 114
Trd, 085759.550, 133
Trd, 085759.900, 132
Trd, 085760.033, 131
Trd, 085760.250, 125
Trd, 085760.317, 125
Trd, 085760.417, 124
Trd, 085760.583, 118
Trd, 085760.650, 132
Trd, 085761.167, 107
Trd, 085761.333, 114
Trd, 085761.417, 107
Trd, 085761.600, 107
Trd, 085761.900, 137
Trd, 085762.400, 139
Trd, 085762.800, 137
Trd, 085763.600, 137
Trd, 085764.250, 137
Trd, 085764.333, 139
Trd, 085764.417, 117
Trd, 085764.667, 140
Trd, 085765.067, 139
Trd, 085765.267, 138
Trd, 085765.333, 123
Trd, 085766.250, 122
Trd, 085766.300, 121
Trd, 085766.583, 139
Trd, 085767.417, 135
Trd, 085767.800, 136
Trd, 085767.850, 135
Trd, 085767.883, 134
Trd, 085768.200, 127
Trd, 085768.233, 137
Trd, 085768.467, 131
Trd, 085768.483, 124
Trd, 085769.083, 124
Trd, 085769.217, 122
Trd, 085769.300, 121
Trd, 085769.550, 120
Trd, 085770.150, 122
Trd, 085770.367, 114
Trd, 085770.567, 123
Trd, 085770.700, 124
Trd, 085771.067, 127
Trd, 085771.133, 128
Trd, 085771.517, 119
Trd, 085771.550, 115
Trd, 085772.167, 139
Trd, 085772.600, 139
Trd, 085773.267, 140
Trd, 085773.400, 138
Trd, 085773.450, 128
Trd, 085773.683, 136
Trd, 085773.883, 122
Trd, 085773.967, 121
Trd, 085774.400, 138
Trd, 085774.883, 140
Trd, 085775.033, 126
Trd, 085775.100, 121
Trd, 085775.667, 121
Trd, 085775.800, 124
Trd, 085775.950, 120
Trd, 085776.433, 109
Trd, 085776.917, 140
Trd, 085777.767, 124
Trd, 085777.783, 134
Trd, 085777.800, 118
Trd, 085777.833, 117
Trd, 085778.450, 129
Trd, 085778.550, 130
Trd, 085778.633, 132
Trd, 085778.817, 122
Trd, 085778.900, 133
Trd, 085779.183, 120
Trd, 085779.350, 116
Trd, 085779.617, 121
Trd, 085779.883, 134
Trd, 085779.917, 127
Trd, 085780.050, 126
Trd, 085780.833, 110
Trd, 085781.000, 129
Trd, 085781.217, 134
Trd, 085781.250, 114
Trd, 085782.317, 137
Trd, 085782.383, 136
Trd, 085782.967, 124
Trd, 085783.450, 133
Trd, 085783.783, 132
Trd, 085783.900, 126
Trd, 085784.033, 124
Trd, 085784.133, 132
Trd, 085784.250, 133
Trd, 085784.367, 114
Trd, 085784.567, 127
Trd, 085784.867, 110
Trd, 085785.000, 118
Trd, 085785.050, 117
Trd, 085785.183, 133
Trd, 085785.750, 106
Trd, 085786.450, 131
Trd, 085786.883, 114
Trd, 085787.067, 129
Trd, 085787.083, 130
Trd, 085787.233, 132
Trd, 085787.283, 100
Trd, 085787.650, 134
Trd, 085787.850, 140
Trd, 085787.967, 136
Trd, 085788.017, 132
Trd, 085788.200, 131
Trd, 085788.633, 126
Trd, 085788.717, 112
Trd, 085789.367, 139
Trd, 085789.583, 138
Trd, 085790.567, 140
Trd, 085790.583, 139
Trd, 085790.883, 132
Trd, 085791.667, 134
Trd, 085791.833, 134
Trd, 085792.550, 134
Trd, 085792.850, 139
Trd, 085792.883, 132
Trd, 085793.450, 140
Trd, 085793.467, 116
Trd, 085793.683, 140
Trd, 085793.717, 118
Trd, 085794.233, 129
Trd, 085794.317, 131
Trd, 085794.417, 137
Trd, 085795.267, 121
Trd, 085795.467, 122
Trd, 085795.783, 121
Trd, 085795.867, 121
Trd, 085796.467, 120
Trd, 085796.583, 123
Trd, 085796.783, 109
Trd, 085796.817, 110
Trd, 085796.883, 124
Trd, 085797.200, 126
Trd, 085797.350, 117
Trd, 085797.400, 116
Trd, 085797.850, 118
Trd, 085798.283, 118
Trd, 085798.717, 124
Trd, 085798.783, 131
Trd, 085798.967, 140
Trd, 085799.500, 128
Trd, 085799.533, 125
Trd, 085799.567, 119
Trd, 085800.883, 140
Trd, 085800.900, 140
Trd, 085801.000, 140
Trd, 085801.700, 140
Trd, 085802.200, 139
Trd, 085802.333, 139
Trd, 085802.583, 138
Trd, 085803.117, 131
Trd, 085803.567, 129
Trd, 085803.583, 132
Trd, 085804.050, 138
Trd, 085804.183, 137
Trd, 085804.483, 134
Trd, 085804.617, 138
Trd, 085804.950, 127
Trd, 085804.983, 114
Trd, 085805.050, 130
Trd, 085805.333, 101
Trd, 085805.367, 116
Trd, 085805.433, 126
Trd, 085805.850, 126
Trd, 085806.250, 105
Trd, 085806.617, 122
Trd, 085806.917, 131
Trd, 085807.017, 131
Trd, 085807.300, 130
Trd, 085807.433, 112
Trd, 085807.483, 111
Trd, 085807.517, 104
Trd, 085807.833, 109
Trd, 085808.017, 137
Trd, 085808.033, 123
Trd, 085808.167, 102
Trd, 085808.650, 138
Trd, 085808.883, 110
Trd, 085809.000, 101
Trd, 085809.700, 100
Trd, 085809.833, 108
Trd, 085810.683, 139
Trd, 085811.167, 125
Trd, 085811.817, 129
Trd, 085811.933, 128
Trd, 085812.383, 133
Trd, 085812.633, 129
Trd, 085812.833, 136
Trd, 085813.233, 129
Trd, 085814.167, 132
Trd, 085814.283, 132
Trd, 085814.300, 133
Trd, 085814.317, 131
Trd, 085814.417, 132
Trd, 085814.967, 140
Trd, 085815.017, 139
Trd, 085815.067, 138
Trd, 085815.433, 124
Trd, 085815.517, 117
Trd, 085815.950, 139
Trd, 085815.983, 121
Trd, 085816.167, 111
Trd, 085816.983, 140
Trd, 085817.400, 140
Trd, 085817.533, 140
Trd, 085817.783, 128
Trd, 085818.183, 140
Trd, 085818.383, 130
Trd, 085818.550, 140
Trd, 085818.783, 117
Trd, 085818.967, 121
Trd, 085820.683, 134
Trd, 085820.867, 138
Trd, 085821.300, 139
Trd, 085821.383, 136
Trd, 085821.500, 135
Trd, 085821.733, 122
Trd, 085821.817, 121
Trd, 085822.100, 121
Trd, 085822.117, 120
Trd, 085822.283, 120
Trd, 085822.383, 119
Trd, 085822.500, 123
Trd, 085822.733, 134
Trd, 085822.833, 99
Trd, 085823.000, 136
Trd, 085823.667, 130
Trd, 085824.600, 122
Trd, 085824.633, 121
Trd, 085824.983, 134
Trd, 085825.000, 126
Trd, 085825.033, 123
Trd, 085825.450, 133
Trd, 085825.767, 122
Trd, 085826.267, 100
Trd, 085826.350, 122
Trd, 085826.550, 99
Trd, 085827.333, 102
Trd, 085827.350, 121
Trd, 085827.583, 88
Trd, 085828.100, 87
Trd, 085828.300, 93
Trd, 085828.383, 92
Trd, 085828.533, 118
Trd, 085828.750, 80
Trd, 085828.800, 78
Trd, 085829.833, 111
Trd, 085829.850, 109
Trd, 085830.350, 88
Trd, 085830.450, 112
Trd, 085830.500, 79
Trd, 085830.567, 113
Trd, 085831.067, 122
Trd, 085831.083, 121
Trd, 085831.233, 132
Trd, 085831.583, 134
Trd, 085831.667, 125
Trd, 085831.767, 135
Trd, 085831.900, 109
Trd, 085832.650, 129
Trd, 085832.667, 128
Trd, 085832.750, 136
Trd, 085833.167, 131
Trd, 085833.200, 133
Trd, 085833.500, 113
Trd, 085833.633, 123
Trd, 085834.717, 139
Trd, 085835.117, 133
Trd, 085835.200, 133
Trd, 085835.450, 129
Trd, 085836.250, 140
Trd, 085836.500, 140
Trd, 085836.533, 136
Trd, 085836.850, 131
Trd, 085836.900, 130
Trd, 085837.533, 140
Trd, 085837.650, 140
Trd, 085837.733, 139
Trd, 085837.817, 129
Trd, 085837.967, 126
Trd, 085838.217, 132
Trd, 085838.300, 138
Trd, 085838.350, 131
Trd, 085839.050, 134
Trd, 085839.767, 124
Trd, 085840.000, 131
Trd, 085840.117, 130
Trd, 085840.250, 132
Trd, 085840.350, 114
Trd, 085840.367, 134
Trd, 085840.517, 122
Trd, 085840.650, 113
Trd, 085841.000, 139
Trd, 085841.033, 128
Trd, 085841.267, 112
Trd, 085842.150, 108
Trd, 085842.683, 119
Trd, 085843.117, 108
Trd, 085843.167, 119
Trd, 085843.750, 121
Trd, 085843.833, 112
Trd, 085843.867, 119
Trd, 085843.883, 107
Trd, 085844.683, 128
Trd, 085844.817, 126
Trd, 085844.933, 124
Trd, 085845.500, 122
Trd, 085845.767, 122
Trd, 085845.800, 121
Trd, 085845.883, 125
Trd, 085846.000, 119
Trd, 085846.883, 116
Trd, 085846.967, 139
Trd, 085847.283, 132
Trd, 085847.700, 130
Trd, 085847.967, 132
Trd, 085848.050, 130
Trd, 085848.183, 131
Trd, 085848.400, 120
Trd, 085848.917, 125
Trd, 085849.283, 117
Trd, 085849.350, 107
Trd, 085849.517, 106
Trd, 085849.933, 137
Trd, 085850.283, 134
Trd, 085851.067, 124
Trd, 085851.317, 124
Trd, 085851.683, 123
Trd, 085852.067, 121
Trd, 085852.150, 120
Trd, 085852.300, 124
Trd, 085852.500, 125
Trd, 085852.900, 116
Trd, 085853.333, 121
Trd, 085853.350, 119
Trd, 085853.567, 122
Trd, 085853.583, 115
Trd, 085853.717, 124
Trd, 085854.067, 140
Trd, 085854.267, 136
Trd, 085854.683, 136
Trd, 085854.933, 135
Trd, 085854.983, 134
Trd, 085855.017, 140
Trd, 085855.400, 115
Trd, 085855.750, 109
Trd, 085856.133, 107
Trd, 085856.267, 126
Trd, 085857.033, 110
Trd, 085857.133, 107
Trd, 085857.767, 110
Trd, 085857.817, 106
Trd, 085857.833, 124
Trd, 085858.650, 119
Trd, 085859.083, 101
Trd, 085859.400, 102
Trd, 085859.517, 101
Trd, 085859.650, 100
Trd, 085859.750, 137
Trd, 085859.783, 97
Trd, 085860.117, 128
Trd, 085860.267, 101
Trd, 085860.700, 104
Trd, 085860.900, 134
Trd, 085860.933, 84
Trd, 085861.367, 116
Trd, 085862.533, 107
Trd, 085863.033, 107
Trd, 085863.783, 132
Trd, 085863.883, 131
Trd, 085864.100, 128
Trd, 085864.183, 140
Trd, 085864.400, 132
Trd, 085864.667, 137
Trd, 085864.767, 138
Trd, 085864.967, 125
Trd, 085865.333, 137
Trd, 085865.500, 122
Trd, 085865.950, 139
Trd, 085866.400, 140
Trd, 085866.500, 140
Trd, 085866.633, 140
Trd, 085866.917, 138
Trd, 085867.300, 122
Trd, 085867.400, 140
Trd, 085867.733, 131
Trd, 085868.050, 122
Trd, 085868.533, 108
Trd, 085868.683, 121
Trd, 085868.750, 115
Trd, 085869.050, 118
Trd, 085869.150, 116
Trd, 085869.583, 131
Trd, 085869.767, 128
Trd, 085870.233, 129
Trd, 085870.300, 128
Trd, 085870.600, 106
Trd, 085870.767, 136
Trd, 085871.083, 110
Trd, 085871.167, 110
Trd, 085871.200, 139
Trd, 085871.350, 125
Trd, 085871.450, 135
Trd, 085872.133, 118
Trd, 085872.400, 117
Trd, 085872.633, 118
Trd, 085872.850, 119
Trd, 085872.900, 117
Trd, 085873.050, 114
Trd, 085873.067, 127
Trd, 085873.200, 103
Trd, 085873.867, 109
Trd, 085873.900, 102
Trd, 085873.917, 93
Trd, 085874.000, 96
Trd, 085874.150, 111
Trd, 085875.617, 130
Trd, 085876.267, 120
Trd, 085876.417, 118
Trd, 085876.467, 110
Trd, 085877.200, 129
Trd, 085877.250, 132
Trd, 085877.933, 140
Trd, 085878.033, 134
Trd, 085878.133, 133
Trd, 085878.900, 136
Trd, 085878.983, 134
Trd, 085879.083, 127
Trd, 085879.967, 123
Trd, 085880.183, 132
Trd, 085880.200, 125
Trd, 085880.217, 134
Trd, 085880.550, 124
Trd, 085880.650, 124
Trd, 085880.767, 123
Trd, 085880.800, 116
Trd, 085881.617, 140
Trd, 085881.750, 139
Trd, 085881.833, 136
Trd, 085882.067, 129
Trd, 085882.217, 140
Trd, 085882.350, 122
Trd, 085883.567, 124
Trd, 085883.650, 121
Trd, 085883.900, 112
Trd, 085884.150, 110
Trd, 085884.417, 124
Trd, 085884.617, 128
Trd, 085884.783, 115
Trd, 085884.800, 129
Trd, 085885.317, 130
Trd, 085885.350, 129
Trd, 085885.450, 98
Trd, 085885.767, 106
Trd, 085886.117, 109
Trd, 085886.450, 93
Trd, 085886.533, 94
Trd, 085886.717, 100
Trd, 085886.967, 102
Trd, 085887.033, 93
Trd, 085887.050, 102
Trd, 085887.283, 93
Trd, 085887.533, 119
Trd, 085888.400, 140
Trd, 085888.450, 140
Trd, 085888.883, 140
Trd, 085889.400, 140
Trd, 085890.017, 140
Trd, 085890.400, 140
Trd, 085890.667, 140
Trd, 085890.717, 140
Trd, 085890.983, 140
Trd, 085891.100, 139
Trd, 085891.150, 137
Trd, 085892.117, 123
Trd, 085892.567, 136
Trd, 085892.733, 138
Trd, 085892.783, 140
Trd, 085892.850, 135
Trd, 085892.867, 120
Trd, 085893.117, 115
Trd, 085893.267, 115
Trd, 085893.517, 139
Trd, 085893.933, 126
Trd, 085893.967, 122
Trd, 085894.033, 115
Trd, 085894.667, 116
Trd, 085895.167, 104
Trd, 085895.633, 116
Trd, 085895.650, 113
Trd, 085896.167, 110
Trd, 085896.333, 109
Trd, 085896.417, 108
Trd, 085896.450, 116
Trd, 085896.667, 117
Trd, 085896.900, 126
Trd, 085897.417, 120
Trd, 085897.800, 104
Trd, 085897.867, 117
Trd, 085898.000, 118
Trd, 085898.183, 122
Trd, 085898.233, 135
Trd, 085898.350, 136
Trd, 085898.800, 123
Trd, 085899.250, 135
Trd, 085899.333, 127
Trd, 085899.667, 108
Trd, 085899.733, 101
Trd, 085899.800, 93
Trd, 085900.350, 123
Trd, 085900.367, 127
Trd, 085900.433, 108
Trd, 085900.550, 127
Trd, 085900.800, 109
Trd, 085901.200, 127
Trd, 085901.250, 92
Trd, 085901.617, 124
Trd, 085902.000, 122
Trd, 085902.033, 124
Trd, 085902.567, 114
Trd, 085902.883, 123
Trd, 085904.050, 139
Trd, 085904.333, 140
Trd, 085904.733, 140
Trd, 085904.800, 140
Trd, 085906.050, 140
Trd, 085906.150, 140
Trd, 085906.383, 140
Trd, 085906.533, 140
Trd, 085906.767, 139
Trd, 085907.000, 135
Trd, 085907.533, 134
Trd, 085907.817, 127
Trd, 085907.967, 137
Trd, 085908.200, 122
Trd, 085908.700, 131
Trd, 085908.750, 124
Trd, 085908.867, 130
Trd, 085909.133, 129
Trd, 085909.167, 120
Trd, 085909.633, 133
Trd, 085909.817, 121
Trd, 085910.500, 116
Trd, 085910.517, 128
Trd, 085910.833, 130
Trd, 085911.750, 131
Trd, 085911.767, 130
Trd, 085911.967, 132
Trd, 085912.267, 130
Trd, 085912.517, 129
Trd, 085912.717, 118
Trd, 085912.833, 117
Trd, 085913.083, 117
Trd, 085913.267, 113
Trd, 085913.400, 105
Trd, 085913.567, 109
Trd, 085913.683, 105
Trd, 085913.750, 131
Trd, 085915.267, 123
Trd, 085915.333, 114
Trd, 085915.733, 130
Trd, 085916.250, 139
Trd, 085916.633, 138
Trd, 085916.883, 125
Trd, 085917.133, 136
Trd, 085917.167, 137
Trd, 085917.200, 138
Trd, 085917.317, 124
Trd, 085917.650, 120
Trd, 085917.767, 119
Trd, 085918.100, 133
Trd, 085918.367, 95
Trd, 085918.417, 107
Trd, 085918.733, 135
Trd, 085919.167, 130
Trd, 085919.500, 122
Trd, 085919.550, 121
Trd, 085920.117, 118
Trd, 085920.300, 116
Trd, 085920.650, 93
Trd, 085920.817, 98
Trd, 085920.917, 92
Trd, 085921.150, 113
Trd, 085921.200, 114
Trd, 085921.267, 98
Trd, 085921.350, 117
Trd, 085921.733, 126
Trd, 085921.817, 140
Trd, 085922.450, 140
Trd, 085923.067, 140
Trd, 085923.950, 140
Trd, 085924.000, 140
Trd, 085924.633, 140
Trd, 085924.933, 140
Trd, 085925.017, 140
Trd, 085925.033, 139
Trd, 085925.633, 140
Trd, 085925.767, 134
Trd, 085926.133, 106
Trd, 085926.533, 117
Trd, 085927.017, 136
Trd, 085927.217, 111
Trd, 085927.733, 136
Trd, 085927.933, 136
Trd, 085928.683, 140
Trd, 085928.733, 135
Trd, 085929.267, 135
Trd, 085929.633, 135
Trd, 085929.850, 128
Trd, 085929.900, 128
Trd, 085930.283, 130
Trd, 085930.317, 128
Trd, 085930.500, 140
Trd, 085930.750, 135
Trd, 085931.233, 133
Trd, 085931.267, 132
Trd, 085931.317, 131
Trd, 085931.717, 138
Trd, 085932.050, 137
Trd, 085932.350, 129
Trd, 085932.467, 134
Trd, 085932.633, 135
Trd, 085932.783, 129
Trd, 085933.350, 132
Trd, 085933.783, 131
Trd, 085933.867, 134
Trd, 085933.933, 132
Trd, 085934.083, 128
Trd, 085934.333, 127
Trd, 085934.783, 107
Trd, 085935.567, 112
Trd, 085935.583, 113
Trd, 085935.650, 101
Trd, 085935.817, 92
Trd, 085936.017, 128
Trd, 085936.533, 127
Trd, 085936.917, 101
Trd, 085937.150, 94
Trd, 085937.500, 111
Trd, 085937.783, 114
Trd, 085938.000, 114
Trd, 085938.117, 93
Trd, 085938.533, 91
Trd, 085938.917, 93
Trd, 085939.383, 89
Trd, 085939.667, 93
Trd, 085939.800, 88
Trd, 085939.867, 86
Trd, 085939.883, 113
Trd, 085940.417, 93
Trd, 085940.533, 135
Trd, 085940.767, 140
Trd, 085941.117, 140
Trd, 085941.367, 135
Trd, 085941.450, 128
Trd, 085941.583, 139
Trd, 085941.867, 114
Trd, 085942.050, 137
Trd, 085942.217, 101
Trd, 085942.750, 108
Trd, 085942.833, 109
Trd, 085942.850, 95
Trd, 085943.000, 135
Trd, 085943.283, 140
Trd, 085943.733, 138
Trd, 085943.983, 123
Trd, 085944.167, 122
Trd, 085944.300, 120
Trd, 085944.367, 120
Trd, 085944.667, 138
Trd, 085945.217, 112
Trd, 085945.267, 111
Trd, 085945.367, 105
Trd, 085945.867, 131
Trd, 085945.983, 127
Trd, 085946.033, 96
Trd, 085946.833, 104
Trd, 085946.917, 113
Trd, 085947.000, 115
Trd, 085947.133, 109
Trd, 085947.450, 130
Trd, 085947.800, 107
Trd, 085948.017, 128
Trd, 085948.200, 132
Trd, 085948.317, 126
Trd, 085949.067, 140
Trd, 085949.083, 138
Trd, 085949.333, 116
Trd, 085949.783, 130
Trd, 085950.017, 111
Trd, 085950.233, 127
Trd, 085950.633, 130
Trd, 085951.000, 130
Trd, 085951.167, 123
Trd, 085951.483, 117
Trd, 085951.550, 111
Trd, 085951.717, 99
Trd, 085952.267, 131
Trd, 085952.317, 130
Trd, 085952.683, 111
Trd, 085952.817, 102
Trd, 085953.000, 132
Trd, 085954.117, 140
Trd, 085954.617, 140
Trd, 085955.317, 140
Trd, 085955.783, 138
Trd, 085956.033, 140
Trd, 085956.300, 138
Trd, 085956.883, 139
Trd, 085956.950, 138
Trd, 085957.300, 139
Trd, 085957.383, 138
Trd, 085957.733, 136
Trd, 085958.267, 129
Trd, 085958.333, 124
Trd, 085958.367, 134
Trd, 085958.483, 121
Trd, 085958.833, 130
Trd, 085958.850, 123
Trd, 085958.933, 122
Trd, 085959.267, 131
Trd, 085959.683, 136
Trd, 085959.917, 120
Trd, 085960.100, 137
Trd, 085960.483, 121
Trd, 085960.750, 118
Trd, 085961.167, 118
Trd, 085961.650, 120
Trd, 085961.917, 105
Trd, 085962.583, 110
Trd, 085962.600, 103
Trd, 085962.650, 123
Trd, 085962.867, 124
Trd, 085963.167, 136
Trd, 085963.283, 118
Trd, 085963.600, 114
Trd, 085963.983, 128
Trd, 085964.683, 123
Trd, 085964.750, 124
Trd, 085965.167, 140
Trd, 085965.267, 140
Trd, 085965.533, 134
Trd, 085965.767, 140
Trd, 085965.933, 121
Trd, 085966.467, 139
Trd, 085966.617, 130
Trd, 085966.733, 120
Trd, 085967.067, 135
Trd, 085967.683, 127
Trd, 085967.767, 134
Trd, 085967.850, 117
Trd, 085968.550, 119
Trd, 085968.583, 118
Trd, 085968.867, 126
Trd, 085969.017, 125
Trd, 085969.400, 135
Trd, 085970.000, 127
Trd, 085970.533, 126
Trd, 085970.667, 124
Trd, 085970.767, 122
Trd, 085970.833, 121
Trd, 085970.900, 120
Trd, 085971.000, 126
Trd, 085971.700, 124
Trd, 085971.817, 124
Trd, 085972.350, 125
Trd, 085972.483, 113
Trd, 085972.567, 99
Trd, 085972.683, 97
Trd, 085972.800, 124
Trd, 085973.100, 116
Trd, 085973.317, 126
Trd, 085973.333, 99
Trd, 085973.450, 90
Trd, 085974.000, 136
Trd, 085974.633, 138
Trd, 085975.133, 125
Trd, 085976.333, 139
Trd, 085976.400, 138
Trd, 085976.417, 136
Trd, 085976.567, 129
Trd, 085976.800, 131
Trd, 085976.983, 128
Trd, 085977.917, 131
Trd, 085978.633, 139
Trd, 085978.900, 140
Trd, 085978.983, 140
Trd, 085979.250, 140
Trd, 085979.467, 140
Trd, 085979.683, 139
Trd, 085980.333, 135
Trd, 085980.367, 135
Trd, 085980.933, 139
Trd, 085981.500, 140
Trd, 085981.733, 140
Trd, 085982.417, 140
Trd, 085982.467, 140
Trd, 085982.633, 139
Trd, 085983.267, 139
Trd, 085983.450, 130
Trd, 085983.667, 134
Trd, 085983.767, 130
Trd, 085983.933, 124
Trd, 085984.083, 137
Trd, 085984.217, 123
Trd, 085984.483, 121
Trd, 085984.667, 110
Trd, 085984.750, 126
Trd, 085985.200, 126
Trd, 085985.283, 98
Trd, 085985.900, 128
Trd, 085986.483, 109
Trd, 085986.583, 115
Trd, 085986.683, 108
Trd, 085987.000, 114
Trd, 085987.233, 115
Trd, 085987.483, 105
Trd, 085988.300, 92
Trd, 085988.350, 111
Trd, 085988.467, 134
Trd, 085988.733, 139
Trd, 085988.783, 122
Trd, 085989.283, 116
Trd, 085989.383, 124
Trd, 085989.667, 103
Trd, 085989.900, 101
Trd, 085990.033, 99
Trd, 085990.317, 114
Trd, 085990.467, 114
Trd, 085990.767, 136
Trd, 085991.267, 121
Trd, 085991.333, 131
Trd, 085991.400, 106
Trd, 085991.783, 102
Trd, 085991.900, 129
Trd, 085992.133, 130
Trd, 085992.200, 120
Trd, 085992.300, 119
Trd, 085992.783, 124
Trd, 085993.133, 134
Trd, 085993.700, 133
Trd, 085993.717, 134
Trd, 085993.950, 134
Trd, 085994.300, 132
Trd, 085994.467, 135
Trd, 085994.967, 135
Trd, 085995.200, 128
Trd, 085995.750, 128
Trd, 085995.800, 126
Trd, 085995.933, 131
Trd, 085995.967, 132
Trd, 085996.017, 120
Trd, 085996.467, 120
Trd, 085996.583, 115
Trd, 085996.633, 104
Trd, 085997.083, 103
Trd, 085997.100, 102
Trd, 085997.317, 97
Trd, 085997.583, 98
Trd, 085997.800, 116
Trd, 085998.217, 104
Trd, 085998.283, 118
Trd, 085998.800, 123
Trd, 085999.033, 111
Trd, 085999.067, 125
Trd, 085999.450, 140
Trd, 085999.467, 140
Trd, 085999.533, 114
Trd, 085999.833, 112
Trd, 086000.083, 137
Trd, 086000.217, 113
Trd, 086000.300, 104
Trd, 086000.533, 102
Trd, 086000.567, 105
Trd, 086000.833, 104
Trd, 086001.300, 95
Trd, 086001.517, 86
Trd, 086001.583, 87
Trd, 086001.833, 110
Trd, 086001.967, 80
Trd, 086002.133, 111
Trd, 086003.233, 139
Trd, 086003.967, 121
Trd, 086003.983, 113
Trd, 086004.417, 130
Trd, 086004.733, 123
Trd, 086004.967, 123
Trd, 086005.583, 125
Trd, 086006.117, 140
Trd, 086006.167, 139
Trd, 086006.283, 123
Trd, 086006.533, 121
Trd, 086007.300, 139
Trd, 086007.917, 133
Trd, 086008.000, 127
Trd, 086008.117, 132
Trd, 086008.233, 134
Trd, 086008.517, 122
Trd, 086008.533, 129
Trd, 086008.717, 136
Trd, 086009.083, 122
Trd, 086009.300, 123
Trd, 086009.417, 122
Trd, 086009.583, 121
Trd, 086009.833, 109
Trd, 086009.950, 102
Trd, 086010.050, 123
Trd, 086010.400, 136
Trd, 086010.817, 119
Trd, 086010.933, 102
Trd, 086011.067, 120
Trd, 086011.500, 98
Trd, 086011.517, 97
Trd, 086012.050, 132
Trd, 086012.083, 124
Trd, 086012.117, 96
Trd, 086012.233, 99
Trd, 086012.517, 134
Trd, 086012.617, 87
Trd, 086013.250, 122
Trd, 086013.433, 120
Trd, 086013.450, 97
Trd, 086013.717, 110
Trd, 086013.767, 98
Trd, 086013.783, 96
Trd, 086014.067, 94
Trd, 086014.417, 104
Trd, 086014.617, 111
Trd, 086014.800, 121
Trd, 086015.150, 122
Trd, 086015.233, 92
Trd, 086015.317, 91
Trd, 086015.467, 122
Trd, 086015.983, 122
Trd, 086016.633, 116
Trd, 086017.200, 125
Trd, 086017.300, 107
Trd, 086017.550, 124
Trd, 086017.683, 123
Trd, 086018.000, 123
Trd, 086018.350, 122
Trd, 086018.533, 124
Trd, 086018.867, 116
Trd, 086018.950, 125
Trd, 086019.067, 123
Trd, 086019.150, 124
Trd, 086019.367, 106
Trd, 086019.567, 139
Trd, 086019.783, 115
Trd, 086019.883, 128
Trd, 086020.283, 104
Trd, 086020.317, 110
Trd, 086020.367, 110
Trd, 086020.433, 111
Trd, 086020.783, 121
Trd, 086021.217, 140
Trd, 086021.300, 138
Trd, 086021.417, 137
Trd, 086022.317, 140
Trd, 086022.400, 139
Trd, 086022.883, 134
Trd, 086023.733, 127
Trd, 086023.967, 131
Trd, 086024.083, 124
Trd, 086024.283, 123
Trd, 086025.000, 138
Trd, 086025.167, 140
Trd, 086025.367, 138
Trd, 086025.850, 137
Trd, 086025.933, 126
Trd, 086026.233, 120
Trd, 086026.617, 124
Trd, 086027.000, 118
Trd, 086027.017, 131
Trd, 086027.067, 117
Trd, 086027.800, 112
Trd, 086027.817, 130
Trd, 086028.267, 112
Trd, 086028.600, 118
Trd, 086028.633, 106
Trd, 086029.100, 105
Trd, 086029.217, 100
Trd, 086029.367, 127
Trd, 086029.483, 129
Trd, 086029.517, 130
Trd, 086029.600, 120
Trd, 086029.883, 140
Trd, 086030.550, 140
Trd, 086030.983, 117
Trd, 086031.200, 109
Trd, 086031.333, 120
Trd, 086031.500, 121
Trd, 086031.667, 131
Trd, 086032.167, 118
Trd, 086032.533, 116
Trd, 086032.783, 118
Trd, 086032.800, 119
Trd, 086032.817, 125
Trd, 086033.017, 130
Trd, 086033.333, 140
Trd, 086033.367, 140
Trd, 086034.617, 140
Trd, 086034.667, 136
Trd, 086034.800, 138
Trd, 086035.050, 135
Trd, 086035.533, 117
Trd, 086036.417, 131
Trd, 086036.550, 116
Trd, 086037.833, 139
Trd, 086037.900, 139
Trd, 086037.967, 139
Trd, 086038.300, 138
Trd, 086038.483, 131
Trd, 086038.917, 117
Trd, 086038.967, 120
Trd, 086039.183, 114
Trd, 086039.350, 128
Trd, 086039.600, 138
Trd, 086040.583, 137
Trd, 086040.633, 136
Trd, 086040.683, 139
Trd, 086041.233, 133
Trd, 086041.650, 131
Trd, 086041.850, 131
Trd, 086041.867, 130
Trd, 086042.017, 127
Trd, 086042.433, 126
Trd, 086042.533, 134
Trd, 086042.550, 130
Trd, 086043.117, 131
Trd, 086043.167, 117
Trd, 086043.183, 116
Trd, 086043.683, 132
Trd, 086044.167, 130
Trd, 086044.267, 102
Trd, 086044.417, 102
Trd, 086044.583, 91
Trd, 086044.933, 96
Trd, 086044.967, 90
Trd, 086045.033, 98
Trd, 086045.150, 106
Trd, 086045.467, 107
Trd, 086045.783, 96
Trd, 086046.033, 87
Trd, 086046.600, 88
Trd, 086047.150, 101
Trd, 086048.450, 119
Trd, 086048.533, 119
Trd, 086048.650, 120
Trd, 086048.717, 121
Trd, 086048.850, 138
Trd, 086049.083, 140
Trd, 086049.517, 129
Trd, 086049.850, 129
Trd, 086049.933, 123
Trd, 086050.117, 123
Trd, 086050.233, 123
Trd, 086050.283, 121
Trd, 086050.667, 120
Trd, 086050.700, 119
Trd, 086050.733, 119
Trd, 086050.967, 92
Trd, 086051.833, 128
Trd, 086052.033, 130
Trd, 086052.067, 131
Trd, 086052.450, 106
Trd, 086052.833, 122
Trd, 086052.900, 128
Trd, 086053.267, 116
Trd, 086053.467, 139
Trd, 086053.600, 123
Trd, 086053.750, 122
Trd, 086053.900, 106
Trd, 086053.917, 134
Trd, 086053.983, 104
Trd, 086054.333, 86
Trd, 086054.683, 137
Trd, 086054.733, 135
Trd, 086055.050, 109
Trd, 086055.517, 130
Trd, 086055.617, 133
Trd, 086055.817, 123
Trd, 086056.150, 127
Trd, 086056.267, 117
Trd, 086056.817, 90
Trd, 086056.967, 114
Trd, 086057.033, 115
Trd, 086057.217, 114
Trd, 086057.750, 113
Trd, 086058.267, 119
Trd, 086058.650, 115
Trd, 086058.750, 126
Trd, 086058.800, 128
Trd, 086059.600, 134
Trd, 086059.750, 122
Trd, 086059.983, 124
Trd, 086060.000, 117
Trd, 086060.033, 116
Trd, 086060.100, 103
Trd, 086060.483, 120
Trd, 086060.750, 99
Trd, 086061.183, 129
Trd, 086061.567, 131
Trd, 086062.033, 118
Trd, 086062.150, 119
Trd, 086062.417, 132
Trd, 086062.533, 118
Trd, 086062.650, 105
Trd, 086062.667, 132
Trd, 086063.200, 118
Trd, 086063.217, 130
Trd, 086063.983, 133
Trd, 086064.883, 139
Trd, 086065.117, 136
Trd, 086065.483, 133
Trd, 086065.683, 121
Trd, 086065.700, 115
Trd, 086066.083, 123
Trd, 086066.217, 127
Trd, 086066.233, 129
Trd, 086066.417, 120
Trd, 086066.433, 112
Trd, 086066.683, 131
Trd, 086066.950, 93
Trd, 086067.017, 91
Trd, 086067.050, 102
Trd, 086067.200, 132
Trd, 086067.283, 131
Trd, 086067.367, 91
Trd, 086068.300, 107
Trd, 086068.717, 129
Trd, 086068.917, 116
Trd, 086068.967, 106
Trd, 086069.033, 129
Trd, 086069.250, 131
Trd, 086069.433, 98
Trd, 086069.467, 131
Trd, 086069.917, 114
Trd, 086070.367, 114
Trd, 086070.550, 134
Trd, 086071.033, 132
Trd, 086071.050, 122
Trd, 086071.950, 139
Trd, 086072.150, 120
Trd, 086072.200, 138
Trd, 086072.483, 121
Trd, 086072.667, 119
Trd, 086073.167, 124
Trd, 086073.183, 130
Trd, 086073.450, 139
Trd, 086074.033, 133
Trd, 086074.633, 135
Trd, 086074.700, 134
Trd, 086074.733, 133
Trd, 086075.033, 132
Trd, 086075.133, 127
Trd, 086075.283, 133
Trd, 086075.850, 119
Trd, 086075.950, 126
Trd, 086076.167, 118
Trd, 086076.367, 116
Trd, 086076.700, 119
Trd, 086076.933, 124
Trd, 086077.233, 124
Trd, 086077.750, 124
Trd, 086077.917, 132
Trd, 086077.967, 123
Trd, 086078.383, 130
Trd, 086078.450, 128
Trd, 086078.700, 118
Trd, 086078.850, 117
Trd, 086078.867, 115
Trd, 086079.683, 130
Trd, 086079.900, 126
Trd, 086080.017, 127
Trd, 086080.333, 131
Trd, 086081.283, 140
Trd, 086081.300, 139
Trd, 086081.433, 139
Trd, 086082.150, 129
Trd, 086082.267, 129
Trd, 086082.667, 128
Trd, 086082.750, 127
Trd, 086082.800, 117
Trd, 086082.867, 115
Trd, 086082.900, 112
Trd, 086082.933, 128
Trd, 086083.050, 128
Trd, 086083.067, 124
Trd, 086083.217, 120
Trd, 086083.367, 133
Trd, 086084.183, 132
Trd, 086084.333, 122
Trd, 086084.450, 123
Trd, 086084.467, 134
Trd, 086085.050, 128
Trd, 086085.667, 136
Trd, 086086.133, 136
Trd, 086086.350, 135
Trd, 086086.567, 135
Trd, 086086.717, 135
Trd, 086087.167, 111
Trd, 086087.800, 127
Trd, 086087.883, 124
Trd, 086087.933, 135
Trd, 086088.133, 136
Trd, 086088.300, 119
Trd, 086088.317, 115
Trd, 086088.467, 114
Trd, 086088.600, 113
Trd, 086088.617, 127
Trd, 086089.167, 139
Trd, 086089.467, 131
Trd, 086089.783, 131
Trd, 086090.200, 105
Trd, 086090.283, 103
Trd, 086090.467, 100
Trd, 086091.667, 108
Trd, 086091.683, 103
Trd, 086091.733, 102
Trd, 086091.750, 110
Trd, 086092.017, 116
Trd, 086092.150, 109
Trd, 086092.233, 102
Trd, 086092.500, 92
Trd, 086092.833, 126
Trd, 086093.083, 128
Trd, 086093.150, 106
Trd, 086093.733, 125
Trd, 086094.200, 126
Trd, 086094.417, 137
Trd, 086094.500, 137
Trd, 086094.767, 128
Trd, 086094.867, 128
Trd, 086094.967, 126
Trd, 086095.883, 140
Trd, 086095.967, 116
Trd, 086095.983, 105
Trd, 086096.800, 140
Trd, 086097.200, 140
Trd, 086097.483, 140
Trd, 086097.600, 140
Trd, 086098.300, 137
Trd, 086098.850, 139
Trd, 086098.900, 138
Trd, 086099.100, 137
Trd, 086099.283, 131
Trd, 086099.700, 128
Trd, 086099.750, 115
Trd, 086099.867, 129
Trd, 086100.017, 115
Trd, 086100.033, 129
Trd, 086100.517, 135
Trd, 086101.833, 140
Trd, 086101.850, 139
Trd, 086102.033, 140
Trd, 086102.333, 140
Trd, 086102.717, 139
Trd, 086102.917, 139
Trd, 086103.783, 140
Trd, 086103.867, 139
Trd, 086103.967, 132
Trd, 086104.233, 125
Trd, 086104.400, 125
Trd, 086104.517, 124
Trd, 086104.783, 137
Trd, 086105.250, 118
Trd, 086105.783, 104
Trd, 086105.800, 136
Trd, 086106.350, 131
Trd, 086106.383, 107
Trd, 086106.483, 136
Trd, 086106.550, 94
Trd, 086106.583, 94
Trd, 086106.950, 129
Trd, 086107.033, 95
Trd, 086107.367, 127
Trd, 086108.117, 129
Trd, 086108.583, 123
Trd, 086108.700, 123
Trd, 086108.817, 122
Trd, 086108.850, 129
Trd, 086109.200, 119
Trd, 086109.233, 133
Trd, 086109.483, 139
Trd, 086109.683, 99
Trd, 086110.050, 102
Trd, 086110.283, 85
Trd, 086110.867, 103
Trd, 086111.200, 104
Trd, 086111.533, 117
Trd, 086111.600, 119
Trd, 086111.650, 100
Trd, 086111.783, 101
Trd, 086111.933, 98
Trd, 086112.000, 93
Trd, 086112.417, 130
Trd, 086112.617, 123
Trd, 086112.983, 109
Trd, 086113.083, 104
Trd, 086113.533, 121
Trd, 086114.433, 116
Trd, 086115.000, 111
Trd, 086115.133, 112
Trd, 086115.317, 111
Trd, 086115.667, 117
Trd, 086115.800, 120
Trd, 086116.217, 120
Trd, 086116.467, 111
Trd, 086116.700, 111
Trd, 086116.783, 110
Trd, 086116.800, 109
Trd, 086116.833, 129
Trd, 086117.050, 109
Trd, 086117.150, 107
Trd, 086117.433, 126
Trd, 086118.283, 129
Trd, 086118.367, 133
Trd, 086118.417, 139
Trd, 086119.083, 140
Trd, 086119.483, 135
Trd, 086119.633, 134
Trd, 086119.900, 133
Trd, 086120.067, 126
Trd, 086120.967, 134
Trd, 086121.217, 126
Trd, 086121.367, 128
Trd, 086121.533, 118
Trd, 086122.117, 115
Trd, 086122.567, 118
Trd, 086122.750, 122
Trd, 086122.850, 118
Trd, 086123.033, 123
Trd, 086123.067, 117
Trd, 086123.350, 122
Trd, 086123.417, 130
Trd, 086124.033, 128
Trd, 086124.150, 127
Trd, 086124.450, 126
Trd, 086124.483, 125
Trd, 086124.683, 113
Trd, 086124.700, 93
Trd, 086124.867, 85
Trd, 086125.833, 111
Trd, 086125.850, 112
Trd, 086125.883, 81
Trd, 086126.117, 115
Trd, 086126.200, 126
Trd, 086126.483, 131
Trd, 086126.983, 123
Trd, 086127.317, 112
Trd, 086127.583, 122
Trd, 086127.600, 124
Trd, 086127.850, 113
Trd, 086128.083, 127
Trd, 086128.183, 112
Trd, 086128.533, 129
Trd, 086128.767, 127
Trd, 086129.283, 140
Trd, 086129.800, 126
Trd, 086130.967, 129
Trd, 086131.250, 129
Trd, 086131.667, 128
Trd, 086131.700, 131
Trd, 086131.883, 116
Trd, 086132.233, 112
Trd, 086133.333, 140
Trd, 086133.367, 140
Trd, 086133.400, 140
Trd, 086133.533, 131
Trd, 086133.550, 128
Trd, 086133.800, 128
Trd, 086134.683, 120
Trd, 086135.133, 116
Trd, 086135.600, 111
Trd, 086135.850, 102
Trd, 086135.967, 101
Trd, 086136.200, 101
Trd, 086136.350, 110
Trd, 086136.550, 108
Trd, 086136.583, 103
Trd, 086136.750, 108
Trd, 086137.017, 109
Trd, 086137.167, 112
Trd, 086137.350, 99
Trd, 086137.517, 102
Trd, 086137.650, 102
Trd, 086137.883, 111
Trd, 086137.933, 117
Trd, 086138.167, 123
Trd, 086138.783, 106
Trd, 086138.833, 104
Trd, 086138.933, 127
Trd, 086139.133, 132
Trd, 086139.200, 140
Trd, 086139.683, 133
Trd, 086139.783, 132
Trd, 086140.067, 131
Trd, 086140.367, 116
Trd, 086140.817, 140
Trd, 086141.067, 130
Trd, 086141.383, 134
Trd, 086141.417, 121
Trd, 086142.450, 137
Trd, 086142.500, 133
Trd, 086142.867, 131
Trd, 086142.883, 120
Trd, 086142.983, 118
Trd, 086143.383, 117
Trd, 086143.783, 140
Trd, 086144.283, 140
Trd, 086144.400, 140
Trd, 086144.533, 140
Trd, 086144.617, 110
Trd, 086144.833, 98
Trd, 086145.133, 97
Trd, 086145.150, 96
Trd, 086145.633, 115
Trd, 086146.033, 116
Trd, 086146.233, 112
Trd, 086146.250, 122
Trd, 086146.567, 121
Trd, 086146.650, 122
Trd, 086146.683, 124
Trd, 086147.033, 115
Trd, 086147.067, 113
Trd, 086147.300, 110
Trd, 086148.067, 140
Trd, 086148.467, 139
Trd, 086148.583, 132
Trd, 086148.783, 139
Trd, 086149.250, 116
Trd, 086149.467, 93
Trd, 086149.850, 118
Trd, 086150.033, 120
Trd, 086150.117, 110
Trd, 086150.167, 129
Trd, 086150.200, 130
Trd, 086150.217, 125
Trd, 086150.650, 104
Trd, 086150.933, 121
Trd, 086151.150, 140
Trd, 086151.400, 109
Trd, 086151.583, 108
Trd, 086151.900, 102
Trd, 086152.033, 131
Trd, 086152.067, 101
Trd, 086152.950, 128
Trd, 086153.117, 131
Trd, 086153.950, 130
Trd, 086154.033, 128
Trd, 086154.233, 128
Trd, 086154.617, 128
Trd, 086154.650, 138
Trd, 086154.967, 139
Trd, 086155.400, 133
Trd, 086155.450, 134
Trd, 086155.717, 133
Trd, 086155.783, 134
Trd, 086155.917, 132
Trd, 086156.967, 132
Trd, 086157.417, 132
Trd, 086157.633, 117
Trd, 086158.133, 139
Trd, 086158.783, 140
Trd, 086158.850, 139
Trd, 086159.033, 138
Trd, 086159.050, 137
Trd, 086159.283, 120
Trd, 086159.617, 138
Trd, 086159.867, 135
Trd, 086160.133, 120
Trd, 086160.950, 140
Trd, 086161.150, 138
Trd, 086161.233, 119
Trd, 086161.433, 140
Trd, 086161.550, 120
Trd, 086161.850, 112
Trd, 086162.017, 136
Trd, 086162.033, 112
Trd, 086162.083, 123
Trd, 086162.333, 110
Trd, 086162.583, 131
Trd, 086162.750, 111
Trd, 086162.933, 92
Trd, 086163.500, 118
Trd, 086163.933, 126
Trd, 086164.200, 119
Trd, 086164.267, 122
Trd, 086164.300, 116
Trd, 086164.850, 113
Trd, 086164.967, 112
Trd, 086165.467, 132
Trd, 086165.833, 118
Trd, 086166.033, 118
Trd, 086166.250, 127
Trd, 086166.350, 127
Trd, 086166.383, 126
Trd, 086166.950, 113
Trd, 086168.050, 140
Trd, 086168.317, 140
Trd, 086168.550, 140
Trd, 086168.600, 139
Trd, 086168.633, 136
Trd, 086168.700, 124
Trd, 086169.167, 117
Trd, 086169.183, 103
Trd, 086169.700, 115
Trd, 086169.750, 127
Trd, 086169.850, 113
Trd, 086169.933, 140
Trd, 086169.950, 102
Trd, 086170.167, 107
Trd, 086170.283, 124
Trd, 086170.583, 123
Trd, 086170.717, 123
Trd, 086171.250, 140
Trd, 086171.317, 135
Trd, 086171.367, 116
Trd, 086171.567, 139
Trd, 086171.800, 110
Trd, 086172.250, 115
Trd, 086172.900, 114
Trd, 086173.200, 106
Trd, 086173.583, 104
Trd, 086173.900, 128
Trd, 086173.983, 103
Trd, 086174.250, 126
Trd, 086174.400, 139
Trd, 086174.550, 102
Trd, 086174.817, 130
Trd, 086174.900, 110
Trd, 086175.000, 93
Trd, 086175.183, 102
Trd, 086175.600, 140
Trd, 086175.717, 113
Trd, 086176.017, 121
Trd, 086176.067, 116
Trd, 086176.450, 132
Trd, 086177.167, 131
Trd, 086177.400, 129
Trd, 086177.933, 125
Trd, 086178.133, 124
Trd, 086178.233, 123
Trd, 086178.650, 128
Trd, 086178.883, 120
Trd, 086179.000, 116
Trd, 086179.033, 108
Trd, 086179.183, 129
Trd, 086179.217, 130
Trd, 086179.267, 116
Trd, 086179.517, 104
Trd, 086179.983, 133
Trd, 086180.633, 136
Trd, 086180.867, 132
Trd, 086181.067, 131
Trd, 086181.367, 131
Trd, 086181.583, 131
Trd, 086181.917, 130
Trd, 086182.317, 128
Trd, 086183.633, 139
Trd, 086184.117, 138
Trd, 086184.133, 137
Trd, 086184.167, 135
Trd, 086184.350, 130
Trd, 086184.917, 132
Trd, 086185.150, 132
Trd, 086185.217, 132
Trd, 086185.433, 131
Trd, 086185.733, 126
Trd, 086185.767, 126
Trd, 086186.067, 132
Trd, 086186.300, 133
Trd, 086186.400, 126
Trd, 086186.583, 124
Trd, 086186.767, 135
Trd, 086187.417, 136
Trd, 086187.700, 135
Trd, 086187.950, 127
Trd, 086188.333, 126
Trd, 086188.350, 125
Trd, 086188.450, 113
Trd, 086188.683, 110
Trd, 086189.017, 109
Trd, 086189.433, 111
Trd, 086189.583, 116
Trd, 086190.033, 114
Trd, 086190.050, 116
Trd, 086190.133, 117
Trd, 086190.283, 111
Trd, 086190.433, 110
Trd, 086191.017, 116
Trd, 086191.133, 111
Trd, 086191.683, 137
Trd, 086191.800, 137
Trd, 086192.100, 136
Trd, 086192.233, 131
Trd, 086193.050, 140
Trd, 086193.433, 130
Trd, 086193.683, 140
Trd, 086194.067, 125
Trd, 086194.183, 119
Trd, 086195.100, 131
Trd, 086195.333, 130
Trd, 086195.700, 131
Trd, 086195.917, 134
Trd, 086196.067, 130
Trd, 086196.300, 121
Trd, 086196.533, 127
Trd, 086197.100, 126
Trd, 086197.600, 133
Trd, 086197.783, 123
Trd, 086197.950, 122
Trd, 086198.233, 120
Trd, 086198.433, 127
Trd, 086198.883, 132
Trd, 086198.933, 134
Trd, 086198.983, 127
Trd, 086199.050, 126
Trd, 086199.150, 121
Trd, 086199.383, 96
Trd, 086199.467, 109
Trd, 086199.533, 87
Trd, 086200.100, 108
Trd, 086200.750, 140
Trd, 086200.817, 119
Trd, 086201.250, 107
Trd, 086202.667, 140
Trd, 086202.833, 122
Trd, 086203.050, 113
Trd, 086203.450, 113
Trd, 086203.700, 136
Trd, 086203.783, 131
Trd, 086204.050, 136
Trd, 086204.267, 114
Trd, 086204.467, 110
Trd, 086204.550, 132
Trd, 086205.250, 139
Trd, 086205.583, 132
Trd, 086205.733, 131
Trd, 086206.750, 135
Trd, 086207.033, 133
Trd, 086207.133, 134
Trd, 086207.483, 131
Trd, 086207.550, 129
Trd, 086207.833, 116
Trd, 086207.950, 134
Trd, 086208.017, 115
Trd, 086209.033, 137
Trd, 086209.533, 139
Trd, 086209.567, 131
Trd, 086209.583, 130
Trd, 086209.683, 128
Trd, 086210.017, 120
Trd, 086210.033, 120
Trd, 086210.350, 120
Trd, 086210.450, 106
Trd, 086210.817, 121
Trd, 086210.933, 118
Trd, 086211.150, 119
Trd, 086211.250, 120
Trd, 086211.717, 124
Trd, 086211.917, 119
Trd, 086212.467, 122
Trd, 086212.750, 122
Trd, 086212.933, 140
Trd, 086213.633, 139
Trd, 086213.750, 139
Trd, 086213.833, 138
Trd, 086214.000, 106
Trd, 086214.033, 105
Trd, 086214.867, 102
Trd, 086215.217, 108
Trd, 086215.400, 102
Trd, 086215.683, 106
Trd, 086215.700, 107
Trd, 086215.783, 103
Trd, 086215.883, 125
Trd, 086216.233, 102
Trd, 086216.533, 125
Trd, 086216.950, 109
Trd, 086217.267, 121
Trd, 086217.483, 122
Trd, 086217.633, 113
Trd, 086217.683, 105
Trd, 086217.867, 124
Trd, 086218.217, 96
Trd, 086218.617, 125
Trd, 086218.867, 111
Trd, 086219.100, 129
Trd, 086219.417, 132
Trd, 086219.567, 132
Trd, 086219.900, 117
Trd, 086219.933, 97
Trd, 086220.317, 93
Trd, 086220.583, 108
Trd, 086221.600, 115
Trd, 086221.617, 113
Trd, 086221.883, 108
Trd, 086222.200, 112
Trd, 086222.350, 109
Trd, 086222.417, 108
Trd, 086222.617, 111
Trd, 086223.050, 129
Trd, 086223.567, 110
Trd, 086223.617, 126
Trd, 086223.883, 119
Trd, 086223.950, 107
Trd, 086224.233, 110
Trd, 086224.500, 124
Trd, 086224.933, 118
Trd, 086225.150, 114
Trd, 086225.250, 124
Trd, 086225.350, 125
Trd, 086226.100, 122
Trd, 086226.133, 119
Trd, 086226.567, 130
Trd, 086226.617, 128
Trd, 086227.900, 119
Trd, 086228.050, 129
Trd, 086228.100, 119
Trd, 086228.250, 129
Trd, 086228.733, 118
Trd, 086229.083, 125
Trd, 086229.117, 126
Trd, 086229.683, 123
Trd, 086230.033, 127
Trd, 086230.217, 124
Trd, 086230.267, 123
Trd, 086230.567, 131
Trd, 086230.700, 125
Trd, 086230.817, 117
Trd, 086231.083, 140
Trd, 086231.117, 140
Trd, 086231.433, 139
Trd, 086231.517, 117
Trd, 086232.017, 116
Trd, 086232.067, 103
Trd, 086232.233, 102
Trd, 086232.483, 140
Trd, 086232.783, 104
Trd, 086232.967, 105
Trd, 086233.100, 102
Trd, 086233.483, 100
Trd, 086233.567, 100
Trd, 086233.917, 96
Trd, 086234.183, 103
Trd, 086234.467, 105
Trd, 086234.483, 108
Trd, 086235.000, 140
Trd, 086235.017, 139
Trd, 086235.467, 126
Trd, 086235.983, 129
Trd, 086236.400, 131
Trd, 086236.483, 130
Trd, 086236.767, 136
Trd, 086238.183, 140
Trd, 086238.383, 139
Trd, 086238.600, 137
Trd, 086238.767, 138
Trd, 086238.800, 121
Trd, 086238.900, 121
Trd, 086239.133, 137
Trd, 086239.250, 125
Trd, 086239.533, 134
Trd, 086239.733, 134
Trd, 086239.967, 133
Trd, 086240.067, 117
Trd, 086240.483, 115
Trd, 086240.583, 114
Trd, 086240.667, 80
Trd, 086241.150, 109
Trd, 086241.233, 133
Trd, 086241.417, 108
Trd, 086242.700, 123
Trd, 086243.083, 125
Trd, 086243.367, 128
Trd, 086243.450, 135
Trd, 086243.583, 122
Trd, 086243.633, 123
Trd, 086243.867, 115
Trd, 086244.000, 112
Trd, 086244.783, 132
Trd, 086244.850, 126
Trd, 086245.200, 125
Trd, 086245.233, 118
Trd, 086245.550, 135
Trd, 086245.767, 128
Trd, 086246.000, 121
Trd, 086246.017, 129
Trd, 086246.933, 121
Trd, 086246.950, 119
Trd, 086247.133, 115
Trd, 086247.267, 124
Trd, 086247.950, 121
Trd, 086248.133, 110
Trd, 086248.300, 109
Trd, 086248.483, 94
Trd, 086248.500, 93
Trd, 086249.000, 114
Trd, 086249.383, 122
Trd, 086249.400, 130
Trd, 086249.567, 109
Trd, 086249.767, 111
Trd, 086249.800, 93
Trd, 086249.850, 136
Trd, 086249.950, 113
Trd, 086250.200, 126
Trd, 086250.233, 112
Trd, 086250.467, 117
Trd, 086250.767, 112
Trd, 086251.917, 140
Trd, 086252.050, 140
Trd, 086252.767, 129
Trd, 086252.783, 128
Trd, 086253.183, 129
Trd, 086253.233, 133
Trd, 086254.033, 131
Trd, 086254.183, 130
Trd, 086254.717, 130
Trd, 086254.983, 128
Trd, 086255.150, 127
Trd, 086255.300, 125
Trd, 086255.383, 123
Trd, 086255.417, 116
Trd, 086255.517, 121
Trd, 086255.717, 114
Trd, 086255.850, 121
Trd, 086255.867, 107
Trd, 086256.033, 125
Trd, 086256.367, 107
Trd, 086256.517, 119
Trd, 086256.983, 94
Trd, 086257.083, 99
Trd, 086257.400, 78
Trd, 086257.550, 93
Trd, 086257.850, 97
Trd, 086258.067, 89
Trd, 086258.333, 80
Trd, 086258.383, 79
Trd, 086258.683, 97
Trd, 086258.950, 106
Trd, 086259.017, 107
Trd, 086259.367, 114
Trd, 086259.417, 91
Trd, 086259.567, 93
Trd, 086260.550, 120
Trd, 086261.200, 139
Trd, 086261.317, 133
Trd, 086261.517, 112
Trd, 086261.683, 108
Trd, 086261.833, 124
Trd, 086262.867, 134
Trd, 086263.050, 139
Trd, 086263.400, 128
Trd, 086263.550, 128
Trd, 086263.850, 129
Trd, 086263.917, 135
Trd, 086264.000, 128
Trd, 086264.667, 138
Trd, 086264.867, 125
Trd, 086265.367, 120
Trd, 086265.500, 111
Trd, 086265.700, 121
Trd, 086265.883, 122
Trd, 086265.933, 101
Trd, 086266.233, 122
Trd, 086266.433, 105
Trd, 086266.467, 127
Trd, 086267.717, 133
Trd, 086268.500, 128
Trd, 086268.550, 135
Trd, 086268.600, 131
Trd, 086268.767, 109
Trd, 086269.567, 123
Trd, 086269.617, 130
Trd, 086269.717, 119
Trd, 086269.817, 130
Trd, 086269.933, 118
Trd, 086270.100, 132
Trd, 086270.267, 140
Trd, 086270.533, 110
Trd, 086270.817, 116
Trd, 086270.833, 107
Trd, 086271.050, 104
Trd, 086271.433, 127
Trd, 086271.800, 134
Trd, 086272.050, 108
Trd, 086272.100, 107
Trd, 086273.267, 107
Trd, 086273.400, 112
Trd, 086273.583, 105
Trd, 086274.100, 115
Trd, 086274.283, 133
Trd, 086274.650, 133
Trd, 086274.717, 134
Trd, 086274.867, 132
Trd, 086275.117, 125
Trd, 086275.250, 139
Trd, 086275.383, 123
Trd, 086275.450, 122
Trd, 086276.050, 140
Trd, 086276.567, 114
Trd, 086276.750, 113
Trd, 086276.850, 109
Trd, 086276.867, 108
Trd, 086277.150, 117
Trd, 086277.217, 112
Trd, 086277.550, 107
Trd, 086277.583, 106
Trd, 086277.950, 118
Trd, 086277.983, 119
Trd, 086278.250, 127
Trd, 086278.450, 123
Trd, 086278.517, 95
Trd, 086278.700, 135
Trd, 086278.867, 117
Trd, 086279.283, 132
Trd, 086279.967, 133
Trd, 086280.350, 139
Trd, 086280.500, 134
Trd, 086281.550, 136
Trd, 086281.700, 135
Trd, 086281.767, 128
Trd, 086282.267, 138
Trd, 086282.483, 134
Trd, 086282.950, 134
Trd, 086283.067, 135
Trd, 086283.417, 128
Trd, 086284.700, 139
Trd, 086284.950, 129
Trd, 086285.333, 135
Trd, 086285.533, 134
Trd, 086285.550, 127
Trd, 086285.767, 113
Trd, 086286.233, 135
Trd, 086286.267, 119
Trd, 086286.883, 116
Trd, 086286.917, 116
Trd, 086287.167, 115
Trd, 086287.233, 111
Trd, 086287.317, 109
Trd, 086287.417, 119
Trd, 086287.767, 128
Trd, 086288.433, 119
Trd, 086288.600, 124
Trd, 086288.850, 119
Trd, 086288.983, 125
Trd, 086289.083, 105
Trd, 086289.183, 100
Trd, 086289.667, 124
Trd, 086290.100, 139
Trd, 086290.167, 117
Trd, 086290.200, 102
Trd, 086290.967, 123
Trd, 086291.317, 135
Trd, 086291.350, 119
Trd, 086291.833, 122
Trd, 086292.050, 116
Trd, 086292.150, 131
Trd, 086292.283, 130
Trd, 086292.567, 117
Trd, 086292.617, 132
Trd, 086293.350, 134
Trd, 086293.800, 131
Trd, 086294.450, 133
Trd, 086294.533, 134
Trd, 086294.583, 132
Trd, 086294.933, 131
Trd, 086295.117, 123
Trd, 086295.650, 130
Trd, 086296.150, 128
Trd, 086296.300, 127
Trd, 086296.417, 126
Trd, 086297.000, 122
Trd, 086297.317, 128
Trd, 086297.800, 133
Trd, 086298.617, 131
Trd, 086298.967, 130
Trd, 086299.283, 140
Trd, 086300.567, 140
Trd, 086300.750, 140
Trd, 086300.967, 140
Trd, 086300.983, 140
Trd, 086301.000, 140
Trd, 086301.317, 120
Trd, 086302.250, 135
Trd, 086302.283, 118
Trd, 086302.500, 117
Trd, 086302.650, 105
Trd, 086302.667, 102
Trd, 086302.700, 130
Trd, 086302.917, 95
Trd, 086303.200, 123
Trd, 086303.267, 113
Trd, 086303.867, 138
Trd, 086303.933, 137
Trd, 086304.367, 137
Trd, 086304.433, 134
Trd, 086304.483, 133
Trd, 086305.267, 140
Trd, 086305.433, 124
Trd, 086305.450, 117
Trd, 086306.250, 134
Trd, 086306.400, 128
Trd, 086306.933, 134
Trd, 086307.333, 134
Trd, 086307.833, 133
Trd, 086308.050, 122
Trd, 086308.117, 119
Trd, 086308.367, 128
Trd, 086308.450, 136
Trd, 086309.383, 110
Trd, 086309.883, 123
Trd, 086310.200, 134
Trd, 086310.350, 133
Trd, 086310.667, 115
Trd, 086310.883, 133
Trd, 086310.983, 116
Trd, 086311.050, 115
Trd, 086311.367, 133
Trd, 086311.383, 134
Trd, 086312.000, 122
Trd, 086312.217, 122
Trd, 086312.867, 138
Trd, 086312.950, 137
Trd, 086313.350, 137
Trd, 086313.467, 131
Trd, 086313.483, 120
Trd, 086313.900, 140
Trd, 086314.533, 140
Trd, 086314.583, 140
Trd, 086315.133, 140
Trd, 086315.533, 138
Trd, 086315.667, 140
Trd, 086315.717, 134
Trd, 086316.467, 132
Trd, 086316.483, 131
Trd, 086316.800, 130
Trd, 086317.217, 121
Trd, 086317.617, 119
Trd, 086318.017, 118
Trd, 086318.567, 125
Trd, 086318.733, 124
Trd, 086319.033, 110
Trd, 086319.317, 123
Trd, 086319.333, 124
Trd, 086319.933, 119
Trd, 086320.033, 127
Trd, 086320.317, 129
Trd, 086320.667, 126
Trd, 086320.950, 105
Trd, 086321.167, 108
Trd, 086321.467, 104
Trd, 086321.483, 128
Trd, 086321.517, 129
Trd, 086321.583, 105
Trd, 086321.717, 104
Trd, 086322.050, 121
Trd, 086322.100, 133
Trd, 086322.617, 108
Trd, 086322.917, 108
Trd, 086323.100, 113
Trd, 086323.633, 135
Trd, 086324.483, 140
Trd, 086324.900, 139
Trd, 086325.183, 140
Trd, 086325.550, 140
Trd, 086325.767, 140
Trd, 086325.817, 117
Trd, 086326.133, 96
Trd, 086326.233, 123
Trd, 086326.733, 132
Trd, 086327.717, 133
Trd, 086327.883, 134
Trd, 086328.183, 140
Trd, 086328.833, 140
Trd, 086328.850, 140
Trd, 086329.883, 140
Trd, 086330.133, 140
Trd, 086330.183, 140
Trd, 086330.733, 137
Trd, 086331.433, 129
Trd, 086331.467, 119
Trd, 086331.683, 117
Trd, 086331.933, 134
Trd, 086332.050, 135
Trd, 086332.167, 128
Trd, 086332.183, 138
Trd, 086332.483, 105
Trd, 086332.617, 103
Trd, 086332.733, 98
Trd, 086333.333, 132
Trd, 086333.683, 130
Trd, 086333.833, 124
Trd, 086334.000, 125
Trd, 086334.633, 106
Trd, 086334.717, 105
Trd, 086334.783, 106
Trd, 086335.317, 120
Trd, 086335.467, 125
Trd, 086335.833, 124
Trd, 086336.083, 125
Trd, 086336.133, 126
Trd, 086336.567, 121
Trd, 086336.783, 127
Trd, 086336.967, 130
Trd, 086337.017, 134
Trd, 086337.033, 121
Trd, 086337.083, 120
Trd, 086337.167, 112
Trd, 086337.250, 105
Trd, 086337.283, 103
Trd, 086337.483, 100
Trd, 086337.717, 88
Trd, 086338.017, 140
Trd, 086338.517, 117
Trd, 086338.650, 122
Trd, 086338.750, 123
Trd, 086338.850, 106
Trd, 086338.917, 105
Trd, 086339.333, 116
Trd, 086339.450, 104
Trd, 086340.133, 130
Trd, 086340.233, 126
Trd, 086340.283, 108
Trd, 086340.933, 115
Trd, 086341.017, 114
Trd, 086341.200, 122
Trd, 086341.367, 125
Trd, 086341.400, 130
Trd, 086341.783, 139
Trd, 086342.050, 140
Trd, 086342.283, 140
Trd, 086342.417, 119
Trd, 086342.650, 133
Trd, 086342.700, 116
Trd, 086342.883, 140
Trd, 086343.117, 136
Trd, 086343.550, 129
Trd, 086344.717, 120
Trd, 086345.167, 118
Trd, 086345.183, 118
Trd, 086345.500, 104
Trd, 086345.850, 125
Trd, 086346.067, 107
Trd, 086346.083, 128
Trd, 086346.467, 125
Trd, 086346.883, 113
Trd, 086346.917, 109
Trd, 086347.433, 119
Trd, 086348.333, 120
Trd, 086348.383, 119
Trd, 086348.400, 117
Trd, 086348.617, 113
Trd, 086348.967, 120
Trd, 086349.033, 121
Trd, 086349.383, 124
Trd, 086349.483, 113
Trd, 086349.517, 128
Trd, 086349.733, 112
Trd, 086350.117, 129
Trd, 086350.367, 140
Trd, 086350.733, 139
Trd, 086350.850, 138
Trd, 086351.383, 121
Trd, 086351.683, 137
Trd, 086352.000, 135
Trd, 086352.067, 139
Trd, 086352.217, 138
Trd, 086352.350, 140
Trd, 086352.800, 137
Trd, 086352.833, 136
Trd, 086353.117, 103
Trd, 086353.517, 105
Trd, 086353.567, 117
Trd, 086353.700, 105
Trd, 086353.933, 107
Trd, 086354.600, 113
Trd, 086354.683, 116
Trd, 086355.367, 110
Trd, 086355.550, 109
Trd, 086355.633, 115
Trd, 086355.667, 116
Trd, 086355.917, 114
Trd, 086356.050, 129
Trd, 086356.950, 111
Trd, 086357.100, 121
Trd, 086357.333, 115
Trd, 086357.367, 113
Trd, 086357.783, 113
Trd, 086358.017, 112
Trd, 086358.100, 98
Trd, 086358.950, 137
Trd, 086359.117, 136
Trd, 086359.450, 128
Trd, 086359.533, 138
Trd, 086359.633, 137
Trd, 086359.750, 133
Trd, 086359.933, 120
Trd, 086359.983, 119
Trd, 086360.067, 118
Trd, 086360.350, 110
Trd, 086360.533, 135
Trd, 086361.217, 118
Trd, 086361.550, 117
Trd, 086361.733, 137
Trd, 086362.000, 111
Trd, 086362.017, 110
Trd, 086362.233, 113
Trd, 086362.483, 134
Trd, 086362.600, 117
Trd, 086362.800, 112
Trd, 086362.967, 126
Trd, 086363.067, 131
Trd, 086363.633, 130
Trd, 086364.283, 123
Trd, 086364.650, 131
Trd, 086364.817, 119
Trd, 086364.967, 119
Trd, 086365.467, 130
Trd, 086365.767, 140
Trd, 086366.017, 132
Trd, 086366.167, 139
Trd, 086366.967, 140
Trd, 086367.000, 140
Trd, 086367.050, 140
Trd, 086367.083, 133
Trd, 086368.633, 140
Trd, 086369.767, 140
Trd, 086370.383, 140
Trd, 086370.617, 140
Trd, 086370.917, 140
Trd, 086371.217, 140
Trd, 086371.250, 140
Trd, 086371.433, 140
Trd, 086371.783, 139
Trd, 086371.817, 138
Trd, 086372.050, 137
Trd, 086373.133, 130
Trd, 086373.200, 130
Trd, 086373.450, 128
Trd, 086373.767, 127
Trd, 086373.867, 127
Trd, 086374.050, 129
Trd, 086374.083, 132
Trd, 086374.317, 124
Trd, 086374.700, 127
Trd, 086374.717, 122
Trd, 086374.967, 125
Trd, 086375.250, 119
Trd, 086375.650, 117
Trd, 086375.867, 121
Trd, 086376.050, 106
Trd, 086376.233, 120
Trd, 086376.333, 122
Trd, 086376.500, 125
Trd, 086377.017, 130
Trd, 086377.517, 133
Trd, 086377.633, 134
Trd, 086377.983, 132
Trd, 086378.217, 132
Trd, 086378.833, 139
Trd, 086379.033, 134
Trd, 086379.150, 133
Trd, 086379.617, 121
Trd, 086379.717, 122
Trd, 086380.017, 122
Trd, 086380.333, 139
Trd, 086380.500, 121
Trd, 086380.900, 140
Trd, 086381.000, 139
Trd, 086381.767, 116
Trd, 086381.850, 106
Trd, 086382.117, 105
Trd, 086382.617, 140
Trd, 086382.650, 135
Trd, 086383.250, 131
Trd, 086383.567, 130
Trd, 086384.267, 124
Trd, 086384.283, 115
Trd, 086384.317, 128
Trd, 086384.683, 124
Trd, 086384.717, 110
Trd, 086384.917, 101
Trd, 086385.200, 102
Trd, 086385.250, 103
Trd, 086385.367, 104
Trd, 086385.733, 121
Trd, 086385.750, 120
Trd, 086385.900, 107
Trd, 086386.350, 138
Trd, 086386.433, 137
Trd, 086386.900, 140
Trd, 086387.317, 137
Trd, 086387.433, 132
Trd, 086387.583, 119
Trd, 086388.117, 118
Trd, 086388.633, 130
Trd, 086389.033, 122
Trd, 086389.100, 133
Trd, 086389.117, 119
Trd, 086389.267, 137
Trd, 086389.550, 135
Trd, 086389.850, 114
Trd, 086389.883, 116
Trd, 086390.050, 105
Trd, 086390.550, 93
Trd, 086390.750, 127
Trd, 086391.100, 129
Trd, 086391.883, 126
Trd, 086391.917, 126
Trd, 086392.350, 140
Trd, 086392.567, 125
Trd, 086392.950, 135
Trd, 086393.083, 134
Trd, 086393.583, 115
Trd, 086393.700, 115
Trd, 086394.017, 119
Trd, 086394.300, 134
Trd, 086394.600, 118
Trd, 086394.783, 120
Trd, 086395.550, 122
Trd, 086395.600, 128
Trd, 086395.650, 130
Trd, 086395.950, 123
Trd, 086396.183, 126
Trd, 086396.700, 129
Trd, 086396.717, 130
Trd, 086397.033, 123
Trd, 086397.350, 128
Trd, 086397.450, 122
Trd, 086397.650, 112
Trd, 086397.683, 106
Trd, 086397.883, 106
Trd, 086398.050, 133
Trd, 086398.383, 102
Trd, 086398.683, 100
Trd, 086398.800, 113
Trd, 086398.900, 125
Trd, 086399.500, 140
Trd, 086399.650, 132
Trd, 086399.883, 140
