Trd, 085781.750, 130
Trd, 085782.050, 130
Trd, 085782.183, 131
Trd, 085782.217, 127
Trd, 085782.717, 126
Trd, 085782.867, 126
Trd, 085783.550, 133
Trd, 085783.833, 131
Trd, 085783.967, 132
Trd, 085784.033, 121
Trd, 085784.150, 130
Trd, 085784.867, 116
Trd, 085784.917, 113
Trd, 085785.133, 139
Trd, 085785.267, 99
Trd, 085785.783, 132
Trd, 085786.083, 130
Trd, 085786.267, 139
Trd, 085786.333, 107
Trd, 085786.383, 100
Trd, 085786.533, 126
Trd, 085787.033, 100
Trd, 085787.083, 87
Trd, 085787.367, 140
Trd, 085787.567, 135
Trd, 085787.783, 130
Trd, 085787.967, 126
Trd, 085787.983, 119
Trd, 085788.233, 137
Trd, 085788.400, 137
Trd, 085788.683, 136
Trd, 085789.250, 132
Trd, 085789.450, 135
Trd, 085790.533, 123
Trd, 085790.650, 124
Trd, 085790.683, 122
Trd, 085791.300, 124
Trd, 085791.350, 124
Trd, 085791.600, 122
Trd, 085791.683, 124
Trd, 085791.750, 122
Trd, 085792.000, 123
Trd, 085792.200, 122
Trd, 085792.317, 128
Trd, 085792.333, 110
Trd, 085792.450, 123
Trd, 085792.600, 130
Trd, 085792.750, 110
Trd, 085793.267, 100
Trd, 085793.350, 111
Trd, 085793.500, 120
Trd, 085793.517, 95
Trd, 085794.133, 140
Trd, 085794.383, 140
Trd, 085794.417, 111
Trd, 085794.667, 110
Trd, 085794.783, 102
Trd, 085794.900, 134
Trd, 085794.983, 99
Trd, 085795.633, 135
Trd, 085795.733, 124
Trd, 085795.817, 123
Trd, 085796.467, 122
Trd, 085796.617, 122
Trd, 085796.700, 121
Trd, 085796.817, 131
Trd, 085796.917, 118
Trd, 085797.600, 132
Trd, 085797.967, 116
Trd, 085798.200, 131
Trd, 085798.217, 116
Trd, 085798.567, 115
Trd, 085799.083, 127
Trd, 085799.200, 126
Trd, 085799.383, 136
Trd, 085799.583, 110
Trd, 085799.683, 124
Trd, 085799.883, 125
Trd, 085800.067, 136
Trd, 085800.267, 121
Trd, 085800.300, 124
Trd, 085800.617, 129
Trd, 085800.767, 120
Trd, 085801.050, 138
Trd, 085801.533, 140
Trd, 085802.033, 131
Trd, 085802.217, 138
Trd, 085802.667, 129
Trd, 085802.867, 128
Trd, 085803.250, 136
Trd, 085803.683, 121
Trd, 085803.700, 119
Trd, 085803.883, 126
Trd, 085804.367, 130
Trd, 085804.767, 134
Trd, 085804.883, 112
Trd, 085804.900, 118
Trd, 085805.833, 140
Trd, 085806.033, 140
Trd, 085806.267, 137
Trd, 085806.667, 140
Trd, 085806.700, 139
Trd, 085806.983, 137
Trd, 085807.000, 137
Trd, 085807.433, 130
Trd, 085807.567, 138
Trd, 085807.950, 127
Trd, 085807.983, 126
Trd, 085808.250, 127
Trd, 085808.550, 126
Trd, 085808.600, 130
Trd, 085808.783, 138
Trd, 085808.917, 124
Trd, 085809.067, 124
Trd, 085809.117, 97
Trd, 085809.183, 98
Trd, 085809.400, 120
Trd, 085809.517, 104
Trd, 085809.617, 97
Trd, 085810.750, 120
Trd, 085810.933, 133
Trd, 085811.050, 111
Trd, 085811.267, 126
Trd, 085811.333, 130
Trd, 085811.417, 130
Trd, 085811.917, 113
Trd, 085812.017, 103
Trd, 085812.317, 139
Trd, 085812.850, 139
Trd, 085812.900, 138
Trd, 085812.917, 131
Trd, 085813.017, 138
Trd, 085813.167, 138
Trd, 085813.683, 120
Trd, 085814.200, 135
Trd, 085814.433, 130
Trd, 085814.617, 107
Trd, 085814.683, 106
Trd, 085815.233, 134
Trd, 085815.383, 135
Trd, 085815.700, 115
Trd, 085815.750, 115
Trd, 085815.817, 134
Trd, 085815.850, 135
Trd, 085816.333, 135
Trd, 085816.667, 128
Trd, 085816.933, 125
Trd, 085817.050, 130
Trd, 085817.067, 132
Trd, 085817.117, 135
Trd, 085817.367, 115
Trd, 085817.483, 114
Trd, 085817.767, 111
Trd, 085817.917, 103
Trd, 085818.333, 103
Trd, 085818.400, 102
Trd, 085818.667, 93
Trd, 085819.283, 129
Trd, 085819.567, 132
Trd, 085819.850, 107
Trd, 085820.317, 109
Trd, 085820.350, 111
Trd, 085820.367, 112
Trd, 085820.800, 125
Trd, 085820.883, 101
Trd, 085821.033, 93
Trd, 085821.067, 121
Trd, 085821.300, 97
Trd, 085821.833, 140
Trd, 085822.133, 140
Trd, 085822.383, 140
Trd, 085822.617, 136
Trd, 085822.817, 132
Trd, 085823.133, 137
Trd, 085823.733, 125
Trd, 085824.183, 129
Trd, 085824.283, 139
Trd, 085824.467, 132
Trd, 085824.650, 115
Trd, 085824.817, 125
Trd, 085824.900, 114
Trd, 085825.050, 121
Trd, 085825.067, 126
Trd, 085825.283, 103
Trd, 085825.467, 131
Trd, 085825.567, 133
Trd, 085825.617, 84
Trd, 085825.700, 113
Trd, 085825.767, 134
Trd, 085825.933, 133
Trd, 085826.383, 100
Trd, 085826.483, 112
Trd, 085826.800, 135
Trd, 085827.150, 115
Trd, 085827.217, 111
Trd, 085827.317, 97
Trd, 085827.867, 105
Trd, 085827.950, 116
Trd, 085827.967, 117
Trd, 085828.267, 125
Trd, 085828.467, 128
Trd, 085828.500, 118
Trd, 085828.900, 82
Trd, 085830.700, 140
Trd, 085830.883, 139
Trd, 085831.383, 139
Trd, 085831.500, 138
Trd, 085831.550, 137
Trd, 085831.650, 130
Trd, 085831.733, 114
Trd, 085832.350, 135
Trd, 085832.533, 136
Trd, 085832.700, 139
Trd, 085833.017, 135
Trd, 085833.183, 134
Trd, 085833.267, 136
Trd, 085833.333, 129
Trd, 085833.583, 134
Trd, 085833.767, 132
Trd, 085834.067, 134
Trd, 085834.083, 131
Trd, 085834.367, 113
Trd, 085835.100, 133
Trd, 085835.167, 132
Trd, 085835.200, 127
Trd, 085835.550, 125
Trd, 085835.583, 126
Trd, 085836.117, 123
Trd, 085836.150, 125
Trd, 085836.333, 123
Trd, 085836.800, 122
Trd, 085836.817, 110
Trd, 085836.867, 128
Trd, 085836.933, 130
Trd, 085837.033, 130
Trd, 085837.500, 108
Trd, 085837.800, 110
Trd, 085838.483, 139
Trd, 085838.567, 137
Trd, 085839.133, 116
Trd, 085839.317, 101
Trd, 085839.733, 101
Trd, 085839.783, 115
Trd, 085839.917, 116
Trd, 085840.033, 126
Trd, 085840.050, 99
Trd, 085840.067, 87
Trd, 085840.300, 124
Trd, 085841.350, 126
Trd, 085841.450, 106
Trd, 085841.483, 133
Trd, 085841.800, 132
Trd, 085841.917, 136
Trd, 085842.050, 133
Trd, 085842.133, 130
Trd, 085842.250, 103
Trd, 085842.683, 116
Trd, 085843.250, 136
Trd, 085843.283, 129
Trd, 085843.300, 99
Trd, 085843.383, 135
Trd, 085843.883, 86
Trd, 085844.033, 94
Trd, 085844.067, 111
Trd, 085844.300, 120
Trd, 085844.800, 107
Trd, 085845.000, 106
Trd, 085845.083, 108
Trd, 085845.283, 84
Trd, 085845.417, 120
Trd, 085845.883, 140
Trd, 085846.717, 128
Trd, 085846.767, 127
Trd, 085847.033, 119
Trd, 085847.433, 111
Trd, 085847.733, 116
Trd, 085847.850, 113
Trd, 085847.967, 118
Trd, 085848.017, 101
Trd, 085848.033, 97
Trd, 085848.150, 130
Trd, 085848.267, 131
Trd, 085848.800, 140
Trd, 085848.933, 128
Trd, 085849.083, 108
Trd, 085849.133, 94
Trd, 085849.517, 99
Trd, 085849.717, 129
Trd, 085850.267, 137
Trd, 085850.283, 136
Trd, 085850.483, 136
Trd, 085850.600, 135
Trd, 085850.733, 136
Trd, 085850.833, 128
Trd, 085851.217, 128
Trd, 085851.967, 122
Trd, 085852.183, 121
Trd, 085852.333, 115
Trd, 085852.500, 125
Trd, 085852.767, 127
Trd, 085852.783, 115
Trd, 085852.800, 114
Trd, 085853.550, 126
Trd, 085853.667, 121
Trd, 085853.700, 106
Trd, 085853.767, 134
Trd, 085854.167, 107
Trd, 085854.233, 108
Trd, 085854.283, 134
Trd, 085854.433, 118
Trd, 085854.633, 137
Trd, 085854.800, 107
Trd, 085855.850, 124
Trd, 085855.917, 138
Trd, 085856.017, 138
Trd, 085856.300, 138
Trd, 085857.050, 140
Trd, 085857.067, 140
Trd, 085857.717, 138
Trd, 085857.850, 136
Trd, 085857.867, 121
Trd, 085858.650, 137
Trd, 085858.750, 130
Trd, 085858.817, 127
Trd, 085859.383, 131
Trd, 085859.533, 132
Trd, 085859.750, 127
Trd, 085859.800, 126
Trd, 085859.850, 124
Trd, 085859.917, 124
Trd, 085860.167, 107
Trd, 085860.217, 138
Trd, 085860.250, 104
Trd, 085861.267, 135
Trd, 085861.400, 108
Trd, 085861.600, 117
Trd, 085861.683, 118
Trd, 085862.483, 106
Trd, 085862.533, 98
Trd, 085862.683, 97
Trd, 085862.767, 78
Trd, 085862.933, 80
Trd, 085863.100, 98
Trd, 085863.250, 129
Trd, 085863.433, 92
Trd, 085863.567, 97
Trd, 085863.750, 87
Trd, 085864.017, 129
Trd, 085864.050, 110
Trd, 085864.350, 113
Trd, 085864.383, 125
Trd, 085864.450, 105
Trd, 085864.467, 70
Trd, 085864.483, 68
Trd, 085864.717, 125
Trd, 085864.950, 105
Trd, 085865.400, 72
Trd, 085865.617, 87
Trd, 085866.033, 106
Trd, 085866.417, 82
Trd, 085866.433, 77
Trd, 085866.550, 67
Trd, 085867.567, 136
Trd, 085867.600, 135
Trd, 085868.117, 134
Trd, 085868.167, 135
Trd, 085868.417, 133
Trd, 085869.050, 127
Trd, 085869.083, 125
Trd, 085869.100, 125
Trd, 085869.250, 114
Trd, 085869.350, 111
Trd, 085869.550, 136
Trd, 085869.800, 130
Trd, 085870.133, 123
Trd, 085870.333, 111
Trd, 085870.417, 133
Trd, 085870.550, 134
Trd, 085870.867, 120
Trd, 085871.067, 120
Trd, 085871.300, 128
Trd, 085871.433, 120
Trd, 085871.767, 129
Trd, 085872.033, 120
Trd, 085872.167, 140
Trd, 085872.733, 138
Trd, 085872.850, 119
Trd, 085873.150, 124
Trd, 085873.350, 140
Trd, 085873.783, 123
Trd, 085874.367, 138
Trd, 085874.400, 119
Trd, 085874.700, 135
Trd, 085875.683, 137
Trd, 085875.767, 130
Trd, 085876.133, 119
Trd, 085876.267, 118
Trd, 085876.283, 130
Trd, 085876.300, 117
Trd, 085876.483, 112
Trd, 085876.650, 128
Trd, 085876.717, 107
Trd, 085876.783, 96
Trd, 085877.017, 131
Trd, 085877.467, 84
Trd, 085877.483, 71
Trd, 085877.917, 105
Trd, 085878.050, 106
Trd, 085878.250, 137
Trd, 085878.500, 139
Trd, 085878.883, 115
Trd, 085878.900, 118
Trd, 085879.117, 109
Trd, 085879.250, 94
Trd, 085879.833, 138
Trd, 085879.850, 115
Trd, 085880.167, 97
Trd, 085880.400, 106
Trd, 085880.767, 131
Trd, 085880.850, 96
Trd, 085881.117, 140
Trd, 085881.500, 134
Trd, 085881.583, 134
Trd, 085881.650, 131
Trd, 085881.867, 136
Trd, 085882.033, 135
Trd, 085882.500, 137
Trd, 085882.800, 81
Trd, 085883.133, 124
Trd, 085883.233, 103
Trd, 085883.333, 102
Trd, 085883.967, 128
Trd, 085884.317, 100
Trd, 085884.367, 101
Trd, 085884.417, 102
Trd, 085884.500, 109
Trd, 085884.550, 110
Trd, 085885.100, 137
Trd, 085885.267, 137
Trd, 085885.417, 119
Trd, 085885.550, 116
Trd, 085886.400, 138
Trd, 085886.517, 136
Trd, 085886.967, 134
Trd, 085887.017, 132
Trd, 085887.050, 125
Trd, 085887.083, 108
Trd, 085887.367, 128
Trd, 085887.483, 107
Trd, 085887.517, 97
Trd, 085887.817, 94
Trd, 085888.133, 91
Trd, 085888.300, 100
Trd, 085888.350, 101
Trd, 085888.467, 102
Trd, 085888.717, 119
Trd, 085888.933, 112
Trd, 085889.867, 117
Trd, 085889.900, 118
Trd, 085890.083, 96
Trd, 085890.167, 118
Trd, 085890.433, 106
Trd, 085890.667, 109
Trd, 085890.700, 125
Trd, 085891.583, 130
Trd, 085892.100, 130
Trd, 085892.650, 139
Trd, 085892.667, 136
Trd, 085893.117, 135
Trd, 085893.700, 136
Trd, 085893.917, 138
Trd, 085894.233, 132
Trd, 085894.483, 116
Trd, 085894.550, 112
Trd, 085894.783, 110
Trd, 085894.800, 131
Trd, 085894.883, 109
Trd, 085894.967, 128
Trd, 085895.300, 116
Trd, 085895.317, 111
Trd, 085895.600, 124
Trd, 085896.633, 121
Trd, 085896.683, 121
Trd, 085896.700, 111
Trd, 085896.733, 103
Trd, 085897.217, 126
Trd, 085897.233, 115
Trd, 085897.483, 101
Trd, 085897.633, 113
Trd, 085897.700, 127
Trd, 085897.933, 88
Trd, 085898.017, 87
Trd, 085898.067, 112
Trd, 085898.150, 127
Trd, 085898.500, 133
Trd, 085898.833, 128
Trd, 085898.950, 127
Trd, 085899.383, 131
Trd, 085899.650, 139
Trd, 085900.250, 133
Trd, 085900.717, 137
Trd, 085900.750, 133
Trd, 085901.467, 139
Trd, 085901.883, 140
Trd, 085902.100, 139
Trd, 085902.217, 138
Trd, 085902.267, 133
Trd, 085902.417, 121
Trd, 085902.833, 113
Trd, 085903.083, 134
Trd, 085903.200, 111
Trd, 085903.317, 112
Trd, 085903.350, 109
Trd, 085903.383, 94
Trd, 085903.600, 108
Trd, 085904.050, 114
Trd, 085904.233, 88
Trd, 085904.417, 87
Trd, 085904.583, 119
Trd, 085904.850, 118
Trd, 085905.067, 118
Trd, 085905.400, 119
Trd, 085905.933, 118
Trd, 085906.267, 134
Trd, 085906.517, 140
Trd, 085906.717, 136
Trd, 085907.183, 127
Trd, 085907.367, 125
Trd, 085907.800, 127
Trd, 085907.917, 137
Trd, 085907.983, 126
Trd, 085908.183, 137
Trd, 085908.267, 119
Trd, 085908.317, 140
Trd, 085908.600, 138
Trd, 085908.700, 137
Trd, 085908.733, 135
Trd, 085908.800, 131
Trd, 085909.133, 115
Trd, 085909.700, 134
Trd, 085909.783, 132
Trd, 085909.883, 104
Trd, 085910.050, 104
Trd, 085910.233, 105
Trd, 085910.317, 106
Trd, 085910.500, 117
Trd, 085910.900, 106
Trd, 085911.917, 140
Trd, 085912.000, 139
Trd, 085912.333, 138
Trd, 085912.417, 127
Trd, 085912.500, 110
Trd, 085912.717, 106
Trd, 085912.983, 136
Trd, 085913.217, 136
Trd, 085914.033, 133
Trd, 085914.050, 129
Trd, 085914.367, 136
Trd, 085914.517, 135
Trd, 085914.700, 135
Trd, 085914.900, 136
Trd, 085915.283, 116
Trd, 085915.333, 117
Trd, 085915.583, 115
Trd, 085915.733, 110
Trd, 085915.833, 109
Trd, 085915.883, 103
Trd, 085916.533, 122
Trd, 085916.733, 125
Trd, 085917.333, 118
Trd, 085917.550, 102
Trd, 085917.750, 88
Trd, 085917.983, 87
Trd, 085918.050, 128
Trd, 085918.250, 130
Trd, 085918.433, 103
Trd, 085918.533, 120
Trd, 085919.000, 119
Trd, 085919.150, 137
Trd, 085919.400, 132
Trd, 085920.150, 120
Trd, 085920.350, 122
Trd, 085920.767, 130
Trd, 085920.783, 112
Trd, 085920.900, 111
Trd, 085921.367, 122
Trd, 085921.500, 126
Trd, 085921.667, 127
Trd, 085921.783, 108
Trd, 085922.033, 114
Trd, 085922.517, 125
Trd, 085922.633, 134
Trd, 085923.150, 132
Trd, 085923.333, 131
Trd, 085923.400, 128
Trd, 085923.567, 140
Trd, 085923.983, 134
Trd, 085924.300, 124
Trd, 085924.750, 126
Trd, 085924.767, 123
Trd, 085925.033, 121
Trd, 085925.250, 115
Trd, 085925.650, 138
Trd, 085925.767, 126
Trd, 085925.833, 111
Trd, 085926.033, 99
Trd, 085926.233, 138
Trd, 085926.417, 140
Trd, 085926.633, 140
Trd, 085926.933, 109
Trd, 085927.083, 126
Trd, 085927.667, 138
Trd, 085927.867, 124
Trd, 085928.500, 117
Trd, 085929.083, 116
Trd, 085929.133, 117
Trd, 085929.200, 131
Trd, 085929.600, 121
Trd, 085929.983, 104
Trd, 085930.133, 110
Trd, 085930.150, 131
Trd, 085930.533, 140
Trd, 085930.567, 139
Trd, 085930.817, 130
Trd, 085931.583, 140
Trd, 085931.650, 136
Trd, 085932.983, 140
Trd, 085933.050, 140
Trd, 085933.550, 136
Trd, 085933.700, 134
Trd, 085934.050, 138
Trd, 085934.317, 136
Trd, 085934.467, 134
Trd, 085934.700, 135
Trd, 085934.800, 131
Trd, 085935.200, 131
Trd, 085935.617, 132
Trd, 085935.783, 132
Trd, 085935.833, 130
Trd, 085935.933, 135
Trd, 085936.183, 123
Trd, 085936.383, 117
Trd, 085936.533, 112
Trd, 085936.767, 135
Trd, 085936.883, 122
Trd, 085937.250, 131
Trd, 085937.633, 105
Trd, 085937.650, 87
Trd, 085937.833, 124
Trd, 085937.950, 130
Trd, 085938.200, 130
Trd, 085938.633, 126
Trd, 085938.700, 133
Trd, 085938.833, 134
Trd, 085938.967, 108
Trd, 085939.183, 101
Trd, 085939.250, 93
Trd, 085939.967, 126
Trd, 085940.367, 125
Trd, 085940.467, 123
Trd, 085940.583, 123
Trd, 085940.950, 139
Trd, 085941.017, 132
Trd, 085941.317, 140
Trd, 085941.700, 139
Trd, 085941.733, 129
Trd, 085942.267, 127
Trd, 085942.583, 128
Trd, 085942.717, 118
Trd, 085942.733, 114
Trd, 085942.750, 114
Trd, 085942.917, 117
Trd, 085943.600, 125
Trd, 085943.700, 127
Trd, 085943.750, 122
Trd, 085943.983, 127
Trd, 085944.050, 139
Trd, 085944.483, 99
Trd, 085944.867, 134
Trd, 085945.183, 138
Trd, 085945.283, 128
Trd, 085945.733, 125
Trd, 085945.983, 123
Trd, 085946.100, 122
Trd, 085946.217, 110
Trd, 085946.233, 91
Trd, 085946.250, 129
Trd, 085946.350, 102
Trd, 085946.950, 131
Trd, 085947.000, 132
Trd, 085947.267, 133
Trd, 085948.083, 131
Trd, 085948.217, 130
Trd, 085948.283, 126
Trd, 085948.400, 102
Trd, 085948.583, 119
Trd, 085949.083, 115
Trd, 085949.300, 116
Trd, 085949.567, 117
Trd, 085949.617, 101
Trd, 085949.983, 118
Trd, 085950.300, 132
Trd, 085950.467, 76
Trd, 085950.733, 134
Trd, 085950.900, 128
Trd, 085951.250, 123
Trd, 085951.367, 123
Trd, 085951.400, 127
Trd, 085951.500, 122
Trd, 085951.883, 118
Trd, 085952.517, 130
Trd, 085952.617, 140
Trd, 085952.850, 140
Trd, 085953.117, 140
Trd, 085953.433, 138
Trd, 085953.733, 133
Trd, 085954.217, 138
Trd, 085954.433, 133
Trd, 085954.617, 109
Trd, 085954.900, 113
Trd, 085955.050, 105
Trd, 085955.583, 134
Trd, 085955.767, 133
Trd, 085955.967, 126
Trd, 085956.433, 100
Trd, 085956.450, 117
Trd, 085956.483, 135
Trd, 085956.850, 104
Trd, 085956.917, 104
Trd, 085957.417, 139
Trd, 085957.633, 131
Trd, 085957.900, 126
Trd, 085958.117, 105
Trd, 085958.200, 99
Trd, 085958.217, 92
Trd, 085958.400, 118
Trd, 085958.633, 100
Trd, 085958.867, 137
Trd, 085959.400, 137
Trd, 085959.550, 134
Trd, 085959.633, 126
Trd, 085960.800, 139
Trd, 085961.133, 136
Trd, 085961.417, 127
Trd, 085961.483, 114
Trd, 085961.617, 103
Trd, 085961.967, 139
Trd, 085962.100, 140
Trd, 085962.300, 139
Trd, 085962.317, 136
Trd, 085962.433, 121
Trd, 085962.550, 116
Trd, 085963.233, 137
Trd, 085963.317, 131
Trd, 085963.333, 130
Trd, 085963.767, 129
Trd, 085963.800, 128
Trd, 085963.950, 128
Trd, 085964.083, 116
Trd, 085964.317, 109
Trd, 085964.933, 103
Trd, 085965.183, 126
Trd, 085965.367, 113
Trd, 085965.500, 127
Trd, 085965.550, 114
Trd, 085965.633, 112
Trd, 085966.100, 110
Trd, 085966.150, 105
Trd, 085966.400, 109
Trd, 085966.717, 126
Trd, 085966.850, 139
Trd, 085967.217, 126
Trd, 085967.233, 125
Trd, 085967.567, 124
Trd, 085967.767, 139
Trd, 085967.883, 107
Trd, 085968.067, 131
Trd, 085968.583, 109
Trd, 085968.850, 129
Trd, 085968.933, 103
Trd, 085968.950, 138
Trd, 085969.650, 135
Trd, 085969.767, 126
Trd, 085969.917, 134
Trd, 085970.017, 103
Trd, 085970.450, 135
Trd, 085970.800, 126
Trd, 085970.850, 125
Trd, 085970.967, 125
Trd, 085970.983, 119
Trd, 085971.083, 105
Trd, 085971.100, 101
Trd, 085971.350, 100
Trd, 085971.533, 115
Trd, 085972.000, 135
Trd, 085972.567, 125
Trd, 085973.017, 125
Trd, 085973.083, 124
Trd, 085973.117, 112
Trd, 085973.183, 111
Trd, 085973.333, 104
Trd, 085973.350, 102
Trd, 085973.417, 113
Trd, 085973.917, 100
Trd, 085974.300, 124
Trd, 085974.650, 126
Trd, 085974.733, 127
Trd, 085974.933, 128
Trd, 085974.950, 130
Trd, 085975.417, 111
Trd, 085975.483, 123
Trd, 085975.533, 102
Trd, 085975.683, 102
Trd, 085975.850, 106
Trd, 085975.983, 101
Trd, 085976.017, 88
Trd, 085976.117, 137
Trd, 085976.967, 128
Trd, 085977.267, 131
Trd, 085977.700, 120
Trd, 085977.817, 127
Trd, 085978.067, 119
Trd, 085978.133, 112
Trd, 085978.417, 108
Trd, 085978.550, 118
Trd, 085978.583, 102
Trd, 085978.717, 90
Trd, 085978.750, 118
Trd, 085978.783, 136
Trd, 085979.850, 121
Trd, 085980.083, 119
Trd, 085980.100, 124
Trd, 085980.200, 107
Trd, 085980.233, 122
Trd, 085980.783, 124
Trd, 085981.233, 108
Trd, 085981.600, 107
Trd, 085981.983, 120
Trd, 085982.133, 106
Trd, 085982.250, 105
Trd, 085982.317, 105
Trd, 085982.517, 107
Trd, 085982.617, 122
Trd, 085982.750, 106
Trd, 085982.883, 96
Trd, 085983.083, 116
Trd, 085983.150, 85
Trd, 085983.317, 89
Trd, 085983.717, 129
Trd, 085983.817, 140
Trd, 085983.933, 140
Trd, 085984.567, 135
Trd, 085984.717, 125
Trd, 085985.150, 122
Trd, 085985.317, 126
Trd, 085985.650, 125
Trd, 085986.333, 105
Trd, 085986.383, 119
Trd, 085986.583, 120
Trd, 085986.617, 121
Trd, 085986.850, 140
Trd, 085987.000, 99
Trd, 085987.083, 97
Trd, 085987.217, 84
Trd, 085987.333, 123
Trd, 085987.783, 83
Trd, 085988.483, 138
Trd, 085988.600, 108
Trd, 085989.217, 138
Trd, 085989.333, 138
Trd, 085989.350, 137
Trd, 085989.783, 134
Trd, 085989.833, 130
Trd, 085990.183, 136
Trd, 085990.200, 138
Trd, 085990.533, 124
Trd, 085990.550, 114
Trd, 085991.183, 130
Trd, 085991.350, 128
Trd, 085991.800, 119
Trd, 085991.950, 125
Trd, 085992.117, 140
Trd, 085992.767, 140
Trd, 085992.850, 138
Trd, 085993.533, 127
Trd, 085993.600, 127
Trd, 085993.683, 129
Trd, 085993.700, 126
Trd, 085993.817, 138
Trd, 085993.917, 138
Trd, 085993.983, 117
Trd, 085994.150, 109
Trd, 085994.250, 119
Trd, 085994.350, 123
Trd, 085994.700, 124
Trd, 085994.917, 121
Trd, 085995.000, 137
Trd, 085995.250, 135
Trd, 085995.483, 131
Trd, 085996.183, 119
Trd, 085996.350, 119
Trd, 085996.550, 119
Trd, 085996.767, 128
Trd, 085997.433, 116
Trd, 085997.800, 116
Trd, 085997.817, 125
Trd, 085998.017, 120
Trd, 085998.267, 103
Trd, 085998.483, 108
Trd, 085998.633, 111
Trd, 085998.933, 120
Trd, 085998.967, 121
Trd, 085999.167, 124
Trd, 086000.000, 135
Trd, 086000.217, 134
Trd, 086000.283, 131
Trd, 086000.500, 129
Trd, 086000.817, 109
Trd, 086001.750, 137
Trd, 086001.850, 136
Trd, 086002.117, 133
Trd, 086002.467, 132
Trd, 086003.067, 127
Trd, 086003.233, 126
Trd, 086003.450, 130
Trd, 086003.600, 132
Trd, 086003.733, 127
Trd, 086003.850, 130
Trd, 086003.950, 131
Trd, 086004.100, 119
Trd, 086004.317, 115
Trd, 086004.417, 130
Trd, 086004.450, 126
Trd, 086004.467, 132
Trd, 086004.650, 98
Trd, 086004.750, 90
Trd, 086004.767, 123
Trd, 086005.250, 139
Trd, 086005.267, 134
Trd, 086005.600, 140
Trd, 086005.817, 86
Trd, 086006.567, 138
Trd, 086006.983, 138
Trd, 086007.483, 137
Trd, 086007.567, 139
Trd, 086007.650, 135
Trd, 086008.350, 131
Trd, 086008.633, 128
Trd, 086008.683, 137
Trd, 086009.033, 116
Trd, 086009.333, 125
Trd, 086009.817, 114
Trd, 086010.350, 122
Trd, 086010.400, 110
Trd, 086010.517, 118
Trd, 086010.683, 115
Trd, 086010.783, 116
Trd, 086010.817, 124
Trd, 086010.883, 125
Trd, 086011.000, 104
Trd, 086011.217, 127
Trd, 086011.667, 76
Trd, 086011.750, 126
Trd, 086011.767, 127
Trd, 086012.317, 134
Trd, 086012.433, 133
Trd, 086012.517, 131
Trd, 086012.567, 126
Trd, 086013.033, 136
Trd, 086013.083, 134
Trd, 086013.183, 135
Trd, 086013.233, 113
Trd, 086013.383, 114
Trd, 086013.400, 136
Trd, 086013.983, 130
Trd, 086014.133, 132
Trd, 086014.433, 118
Trd, 086015.033, 114
Trd, 086015.383, 128
Trd, 086015.633, 115
Trd, 086015.650, 129
Trd, 086016.017, 113
Trd, 086016.050, 109
Trd, 086016.117, 130
Trd, 086016.267, 131
Trd, 086016.417, 128
Trd, 086017.183, 106
Trd, 086017.383, 108
Trd, 086017.767, 105
Trd, 086018.200, 122
Trd, 086018.300, 112
Trd, 086018.350, 124
Trd, 086019.083, 140
Trd, 086019.300, 136
Trd, 086019.400, 132
Trd, 086019.450, 134
Trd, 086019.500, 103
Trd, 086020.400, 140
Trd, 086020.483, 136
Trd, 086020.700, 130
Trd, 086021.100, 127
Trd, 086021.200, 117
Trd, 086021.617, 111
Trd, 086021.717, 128
Trd, 086021.850, 103
Trd, 086022.150, 132
Trd, 086022.567, 133
Trd, 086022.600, 93
Trd, 086023.233, 127
Trd, 086023.350, 112
Trd, 086023.367, 111
Trd, 086023.383, 110
Trd, 086023.417, 128
Trd, 086023.433, 109
Trd, 086023.633, 99
Trd, 086023.967, 140
Trd, 086024.400, 140
Trd, 086024.517, 129
Trd, 086024.717, 127
Trd, 086025.167, 138
Trd, 086025.200, 127
Trd, 086025.400, 128
Trd, 086025.717, 127
Trd, 086025.900, 136
Trd, 086025.933, 126
Trd, 086026.317, 140
Trd, 086026.750, 139
Trd, 086026.867, 134
Trd, 086027.000, 118
Trd, 086027.417, 132
Trd, 086027.483, 133
Trd, 086027.733, 131
Trd, 086027.800, 117
Trd, 086027.900, 105
Trd, 086028.467, 134
Trd, 086029.917, 140
Trd, 086029.983, 135
Trd, 086030.183, 140
Trd, 086031.017, 139
Trd, 086031.100, 138
Trd, 086031.433, 137
Trd, 086031.483, 138
Trd, 086031.583, 133
Trd, 086031.833, 131
Trd, 086032.483, 130
Trd, 086032.500, 129
Trd, 086032.517, 112
Trd, 086032.983, 134
Trd, 086033.067, 138
Trd, 086033.550, 133
Trd, 086033.650, 135
Trd, 086034.067, 137
Trd, 086034.217, 131
Trd, 086034.233, 123
Trd, 086034.550, 138
Trd, 086035.033, 119
Trd, 086035.083, 112
Trd, 086035.200, 131
Trd, 086035.517, 139
Trd, 086035.683, 125
Trd, 086035.750, 126
Trd, 086036.267, 125
Trd, 086036.350, 118
Trd, 086036.983, 117
Trd, 086037.100, 112
Trd, 086037.167, 128
Trd, 086037.267, 129
Trd, 086037.500, 108
Trd, 086037.583, 109
Trd, 086037.867, 121
Trd, 086037.950, 123
Trd, 086038.033, 107
Trd, 086038.100, 102
Trd, 086038.383, 110
Trd, 086038.900, 128
Trd, 086039.083, 126
Trd, 086039.350, 124
Trd, 086039.483, 127
Trd, 086039.533, 135
Trd, 086039.700, 125
Trd, 086040.500, 133
Trd, 086040.900, 123
Trd, 086041.267, 122
Trd, 086041.383, 104
Trd, 086041.417, 121
Trd, 086041.500, 101
Trd, 086042.267, 109
Trd, 086042.417, 109
Trd, 086042.600, 107
Trd, 086042.683, 100
Trd, 086042.883, 96
Trd, 086043.100, 128
Trd, 086043.217, 93
Trd, 086043.267, 116
Trd, 086043.367, 126
Trd, 086043.417, 127
Trd, 086043.650, 117
Trd, 086043.783, 129
Trd, 086044.233, 130
Trd, 086044.333, 105
Trd, 086044.400, 124
Trd, 086044.700, 133
Trd, 086044.817, 107
Trd, 086045.317, 84
Trd, 086045.417, 86
Trd, 086045.983, 101
Trd, 086046.250, 84
Trd, 086046.433, 102
Trd, 086046.483, 110
Trd, 086046.600, 110
Trd, 086046.817, 108
Trd, 086047.200, 101
Trd, 086047.283, 109
Trd, 086047.483, 109
Trd, 086047.900, 104
Trd, 086048.300, 110
Trd, 086048.500, 126
Trd, 086048.567, 111
Trd, 086048.750, 112
Trd, 086048.800, 104
Trd, 086049.017, 126
Trd, 086049.300, 118
Trd, 086049.383, 106
Trd, 086049.600, 117
Trd, 086049.633, 119
Trd, 086049.700, 125
Trd, 086049.750, 105
Trd, 086050.100, 124
Trd, 086050.117, 104
Trd, 086050.217, 98
Trd, 086050.483, 94
Trd, 086050.800, 139
Trd, 086050.917, 140
Trd, 086051.183, 132
Trd, 086051.300, 125
Trd, 086051.767, 120
Trd, 086051.867, 120
Trd, 086051.900, 102
Trd, 086052.133, 121
Trd, 086052.233, 101
Trd, 086052.467, 100
Trd, 086052.817, 64
Trd, 086053.167, 134
Trd, 086053.583, 106
Trd, 086053.683, 107
Trd, 086054.467, 107
Trd, 086054.567, 108
Trd, 086054.750, 113
Trd, 086054.883, 124
Trd, 086055.067, 113
Trd, 086055.083, 112
Trd, 086055.183, 100
Trd, 086055.317, 119
Trd, 086055.467, 100
Trd, 086055.617, 138
Trd, 086056.317, 93
Trd, 086056.567, 94
Trd, 086056.583, 95
Trd, 086056.933, 105
Trd, 086057.000, 112
Trd, 086057.333, 112
Trd, 086057.383, 124
Trd, 086058.367, 124
Trd, 086058.500, 125
Trd, 086058.700, 119
Trd, 086058.950, 123
Trd, 086059.183, 130
Trd, 086059.433, 119
Trd, 086059.483, 129
Trd, 086059.533, 124
Trd, 086059.783, 115
Trd, 086059.900, 89
Trd, 086060.050, 135
Trd, 086060.233, 140
Trd, 086060.933, 100
Trd, 086061.167, 140
Trd, 086061.217, 139
Trd, 086061.283, 100
Trd, 086061.817, 136
Trd, 086061.850, 129
Trd, 086062.050, 97
Trd, 086062.333, 112
Trd, 086062.767, 132
Trd, 086063.233, 134
Trd, 086063.617, 135
Trd, 086063.633, 131
Trd, 086063.817, 135
Trd, 086063.950, 124
Trd, 086064.033, 119
Trd, 086064.100, 109
Trd, 086064.267, 127
Trd, 086064.517, 140
Trd, 086065.200, 140
Trd, 086065.450, 135
Trd, 086065.517, 140
Trd, 086065.700, 127
Trd, 086065.883, 125
Trd, 086066.017, 122
Trd, 086066.100, 113
Trd, 086066.167, 133
Trd, 086066.533, 134
Trd, 086066.700, 140
Trd, 086067.100, 127
Trd, 086067.133, 126
Trd, 086068.033, 133
Trd, 086068.783, 127
Trd, 086068.900, 116
Trd, 086068.950, 106
Trd, 086068.967, 127
Trd, 086069.333, 127
Trd, 086069.517, 123
Trd, 086069.733, 134
Trd, 086069.750, 135
Trd, 086069.817, 116
Trd, 086070.300, 124
Trd, 086070.483, 125
Trd, 086070.533, 119
Trd, 086070.583, 123
Trd, 086070.600, 130
Trd, 086070.733, 118
Trd, 086070.833, 125
Trd, 086071.317, 96
Trd, 086071.367, 94
Trd, 086071.483, 93
Trd, 086071.633, 82
Trd, 086071.817, 70
Trd, 086072.500, 115
Trd, 086072.783, 115
Trd, 086072.917, 128
Trd, 086074.167, 140
Trd, 086074.583, 140
Trd, 086074.917, 140
Trd, 086075.100, 139
Trd, 086075.200, 138
Trd, 086075.250, 136
Trd, 086075.433, 137
Trd, 086075.900, 137
Trd, 086076.133, 126
Trd, 086076.183, 130
Trd, 086076.433, 118
Trd, 086076.600, 116
Trd, 086076.683, 130
Trd, 086076.817, 101
Trd, 086076.967, 95
Trd, 086077.417, 126
Trd, 086077.450, 121
Trd, 086078.250, 122
Trd, 086078.567, 122
Trd, 086078.583, 120
Trd, 086079.083, 124
Trd, 086079.517, 109
Trd, 086079.533, 99
Trd, 086079.783, 93
Trd, 086079.833, 121
Trd, 086080.033, 121
Trd, 086080.167, 114
Trd, 086080.283, 113
Trd, 086080.767, 123
Trd, 086081.200, 113
Trd, 086081.300, 116
Trd, 086081.333, 122
Trd, 086081.350, 112
Trd, 086081.600, 140
Trd, 086081.800, 108
Trd, 086082.083, 101
Trd, 086082.133, 98
Trd, 086082.217, 85
Trd, 086082.317, 84
Trd, 086082.750, 127
Trd, 086082.767, 134
Trd, 086082.883, 135
Trd, 086083.250, 134
Trd, 086083.267, 112
Trd, 086084.317, 107
Trd, 086084.350, 108
Trd, 086084.500, 110
Trd, 086084.667, 113
Trd, 086085.083, 139
Trd, 086085.483, 138
Trd, 086085.950, 136
Trd, 086085.983, 136
Trd, 086086.183, 134
Trd, 086086.533, 128
Trd, 086086.800, 115
Trd, 086086.983, 92
Trd, 086087.050, 93
Trd, 086087.117, 94
Trd, 086087.533, 121
Trd, 086087.550, 107
Trd, 086087.567, 138
Trd, 086087.850, 96
Trd, 086087.950, 96
Trd, 086088.183, 130
Trd, 086088.383, 124
Trd, 086088.400, 131
Trd, 086088.617, 131
Trd, 086088.700, 134
Trd, 086089.467, 140
Trd, 086090.283, 128
Trd, 086090.550, 116
Trd, 086090.983, 117
Trd, 086091.033, 113
Trd, 086091.100, 126
Trd, 086091.133, 112
Trd, 086091.200, 86
Trd, 086091.500, 103
Trd, 086091.567, 97
Trd, 086091.767, 120
Trd, 086091.867, 98
Trd, 086091.983, 102
Trd, 086092.433, 140
Trd, 086092.850, 140
Trd, 086093.250, 139
Trd, 086093.550, 138
Trd, 086093.850, 123
Trd, 086094.000, 122
Trd, 086094.033, 122
Trd, 086094.183, 120
Trd, 086094.350, 119
Trd, 086094.583, 122
Trd, 086095.983, 140
Trd, 086096.433, 139
Trd, 086096.650, 139
Trd, 086096.733, 128
Trd, 086097.033, 135
Trd, 086097.400, 137
Trd, 086097.667, 138
Trd, 086097.900, 131
Trd, 086098.033, 109
Trd, 086098.067, 103
Trd, 086098.100, 139
Trd, 086098.400, 104
Trd, 086098.567, 105
Trd, 086098.750, 97
Trd, 086098.817, 130
Trd, 086099.133, 119
Trd, 086099.417, 100
Trd, 086099.450, 97
Trd, 086100.317, 110
Trd, 086100.467, 109
Trd, 086100.500, 127
Trd, 086100.717, 103
Trd, 086101.417, 115
Trd, 086101.567, 124
Trd, 086101.617, 114
Trd, 086101.733, 103
Trd, 086101.750, 82
Trd, 086101.933, 85
Trd, 086102.100, 91
Trd, 086102.233, 88
Trd, 086102.250, 86
Trd, 086102.317, 92
Trd, 086103.450, 113
Trd, 086103.467, 121
Trd, 086103.500, 122
Trd, 086104.000, 116
Trd, 086104.083, 123
Trd, 086104.100, 101
Trd, 086104.417, 107
Trd, 086104.633, 123
Trd, 086104.733, 121
Trd, 086105.067, 123
Trd, 086105.250, 127
Trd, 086105.500, 109
Trd, 086105.567, 108
Trd, 086105.883, 99
Trd, 086106.100, 128
Trd, 086106.333, 126
Trd, 086106.400, 96
Trd, 086106.650, 119
Trd, 086106.867, 139
Trd, 086107.300, 106
Trd, 086107.350, 73
Trd, 086107.783, 99
Trd, 086107.850, 103
Trd, 086107.967, 82
Trd, 086108.750, 134
Trd, 086109.033, 132
Trd, 086109.200, 136
Trd, 086109.383, 128
Trd, 086110.500, 135
Trd, 086110.650, 130
Trd, 086110.900, 134
Trd, 086111.183, 129
Trd, 086111.717, 133
Trd, 086111.833, 134
Trd, 086111.967, 132
Trd, 086112.167, 136
Trd, 086112.250, 136
Trd, 086113.067, 139
Trd, 086113.617, 138
Trd, 086114.150, 140
Trd, 086114.550, 139
Trd, 086114.667, 140
Trd, 086114.800, 139
Trd, 086114.850, 132
Trd, 086115.000, 132
Trd, 086115.017, 129
Trd, 086115.333, 124
Trd, 086115.500, 121
Trd, 086115.750, 130
Trd, 086115.783, 117
Trd, 086116.067, 130
Trd, 086116.433, 130
Trd, 086116.500, 104
Trd, 086116.617, 94
Trd, 086116.767, 80
Trd, 086117.083, 106
Trd, 086117.267, 109
Trd, 086117.450, 110
Trd, 086117.583, 103
Trd, 086118.317, 123
Trd, 086118.550, 104
Trd, 086119.317, 114
Trd, 086119.483, 106
Trd, 086119.517, 122
Trd, 086119.650, 110
Trd, 086119.950, 97
Trd, 086119.967, 126
Trd, 086120.117, 94
Trd, 086120.200, 127
Trd, 086120.467, 130
Trd, 086120.500, 127
Trd, 086120.933, 138
Trd, 086121.117, 130
Trd, 086121.217, 101
Trd, 086121.233, 91
Trd, 086121.267, 86
Trd, 086121.600, 79
Trd, 086121.867, 114
Trd, 086122.033, 139
Trd, 086122.317, 134
Trd, 086122.367, 138
Trd, 086123.150, 120
Trd, 086123.300, 138
Trd, 086123.483, 117
Trd, 086123.700, 121
Trd, 086123.833, 137
Trd, 086124.000, 137
Trd, 086124.050, 138
Trd, 086124.400, 137
Trd, 086124.433, 140
Trd, 086124.850, 140
Trd, 086124.917, 139
Trd, 086125.067, 129
Trd, 086125.567, 134
Trd, 086125.933, 140
Trd, 086126.133, 140
Trd, 086126.183, 133
Trd, 086126.417, 115
Trd, 086126.567, 108
Trd, 086126.650, 107
Trd, 086127.167, 110
Trd, 086127.433, 109
Trd, 086127.617, 109
Trd, 086127.733, 108
Trd, 086127.750, 111
Trd, 086128.117, 109
Trd, 086128.217, 112
Trd, 086128.383, 112
Trd, 086129.283, 136
Trd, 086129.383, 135
Trd, 086129.433, 134
Trd, 086129.767, 104
Trd, 086130.133, 122
Trd, 086130.217, 125
Trd, 086130.333, 114
Trd, 086130.350, 96
Trd, 086131.067, 101
Trd, 086131.200, 100
Trd, 086131.350, 91
Trd, 086131.367, 113
Trd, 086131.783, 99
Trd, 086132.033, 109
Trd, 086132.050, 79
Trd, 086132.100, 114
Trd, 086132.117, 115
Trd, 086132.567, 74
Trd, 086132.883, 95
Trd, 086132.900, 104
Trd, 086133.133, 105
Trd, 086133.167, 107
Trd, 086133.500, 136
Trd, 086133.933, 140
Trd, 086134.433, 140
Trd, 086134.550, 140
Trd, 086134.567, 140
Trd, 086134.750, 136
Trd, 086134.767, 136
Trd, 086135.200, 140
Trd, 086135.733, 136
Trd, 086136.000, 128
Trd, 086136.517, 140
Trd, 086136.650, 139
Trd, 086136.767, 133
Trd, 086136.783, 119
Trd, 086136.967, 101
Trd, 086137.117, 115
Trd, 086138.267, 131
Trd, 086138.350, 134
Trd, 086138.467, 134
Trd, 086138.517, 135
Trd, 086138.900, 133
Trd, 086138.950, 101
Trd, 086138.983, 96
Trd, 086139.383, 132
Trd, 086139.433, 111
Trd, 086139.550, 63
Trd, 086140.200, 139
Trd, 086140.583, 139
Trd, 086140.817, 140
Trd, 086140.833, 139
Trd, 086141.033, 138
Trd, 086141.050, 138
Trd, 086141.333, 140
Trd, 086141.383, 133
Trd, 086141.400, 120
Trd, 086142.233, 132
Trd, 086142.567, 127
Trd, 086142.800, 126
Trd, 086143.100, 131
Trd, 086143.550, 135
Trd, 086143.700, 135
Trd, 086143.950, 140
Trd, 086144.100, 135
Trd, 086144.650, 139
Trd, 086144.833, 138
Trd, 086145.200, 135
Trd, 086145.383, 131
Trd, 086145.567, 124
Trd, 086145.750, 137
Trd, 086146.350, 134
Trd, 086146.600, 139
Trd, 086146.733, 129
Trd, 086146.967, 122
Trd, 086147.017, 122
Trd, 086147.783, 118
Trd, 086148.167, 119
Trd, 086148.250, 121
Trd, 086148.333, 119
Trd, 086148.500, 118
Trd, 086148.517, 104
Trd, 086148.583, 122
Trd, 086148.833, 117
Trd, 086149.183, 127
Trd, 086149.267, 100
Trd, 086149.333, 92
Trd, 086149.517, 128
Trd, 086149.600, 109
Trd, 086149.783, 133
Trd, 086149.900, 128
Trd, 086149.933, 127
Trd, 086150.117, 131
Trd, 086150.617, 132
Trd, 086150.633, 130
Trd, 086150.733, 119
Trd, 086150.967, 118
Trd, 086151.067, 130
Trd, 086151.550, 126
Trd, 086151.750, 96
Trd, 086151.950, 108
Trd, 086152.417, 119
Trd, 086152.667, 92
Trd, 086152.900, 130
Trd, 086152.983, 128
Trd, 086153.183, 131
Trd, 086153.217, 113
Trd, 086153.267, 131
Trd, 086153.350, 132
Trd, 086153.933, 138
Trd, 086154.017, 137
Trd, 086154.133, 137
Trd, 086154.333, 110
Trd, 086154.400, 100
Trd, 086154.967, 108
Trd, 086155.400, 139
Trd, 086155.483, 133
Trd, 086155.817, 132
Trd, 086156.067, 135
Trd, 086156.317, 119
Trd, 086156.533, 116
Trd, 086156.733, 119
Trd, 086156.933, 111
Trd, 086157.183, 120
Trd, 086157.217, 100
Trd, 086157.233, 122
Trd, 086157.650, 122
Trd, 086157.900, 139
Trd, 086158.333, 101
Trd, 086158.417, 100
Trd, 086158.600, 105
Trd, 086158.667, 111
Trd, 086158.817, 139
Trd, 086159.017, 106
Trd, 086159.650, 133
Trd, 086159.733, 132
Trd, 086159.933, 137
Trd, 086160.267, 136
Trd, 086160.583, 137
Trd, 086160.600, 136
Trd, 086160.800, 140
Trd, 086160.833, 131
Trd, 086160.883, 125
Trd, 086161.017, 134
Trd, 086161.250, 127
Trd, 086161.467, 124
Trd, 086161.567, 109
Trd, 086161.667, 115
Trd, 086162.017, 120
Trd, 086162.067, 124
Trd, 086162.500, 90
Trd, 086162.533, 97
Trd, 086162.733, 119
Trd, 086162.817, 120
Trd, 086163.500, 110
Trd, 086163.817, 111
Trd, 086163.950, 97
Trd, 086164.050, 97
Trd, 086164.267, 96
Trd, 086164.517, 134
Trd, 086165.283, 136
Trd, 086165.617, 140
Trd, 086166.033, 140
Trd, 086166.150, 138
Trd, 086166.233, 136
Trd, 086166.633, 140
Trd, 086166.917, 138
Trd, 086167.533, 139
Trd, 086167.733, 138
Trd, 086167.933, 138
Trd, 086168.033, 137
Trd, 086168.383, 123
Trd, 086168.450, 116
Trd, 086168.683, 136
Trd, 086169.333, 137
Trd, 086169.367, 135
Trd, 086169.583, 129
Trd, 086169.733, 110
Trd, 086170.617, 122
Trd, 086170.883, 119
Trd, 086170.967, 114
Trd, 086171.050, 111
Trd, 086171.117, 110
Trd, 086171.617, 87
Trd, 086171.667, 85
Trd, 086171.767, 103
Trd, 086171.883, 119
Trd, 086172.017, 121
Trd, 086172.167, 106
Trd, 086172.700, 88
Trd, 086172.833, 103
Trd, 086172.917, 124
Trd, 086172.967, 126
Trd, 086173.067, 123
Trd, 086173.117, 123
Trd, 086173.317, 126
Trd, 086174.067, 99
Trd, 086174.267, 110
Trd, 086174.317, 107
Trd, 086174.400, 107
Trd, 086174.900, 140
Trd, 086175.067, 133
Trd, 086175.300, 117
Trd, 086175.500, 108
Trd, 086175.667, 106
Trd, 086175.683, 124
Trd, 086175.717, 125
Trd, 086175.967, 126
Trd, 086176.150, 115
Trd, 086176.267, 123
Trd, 086176.300, 117
Trd, 086176.333, 124
Trd, 086176.650, 140
Trd, 086176.783, 140
Trd, 086176.867, 140
Trd, 086177.017, 122
Trd, 086177.417, 101
Trd, 086177.517, 90
Trd, 086177.783, 139
Trd, 086178.233, 104
Trd, 086178.583, 140
Trd, 086178.700, 140
Trd, 086179.250, 140
Trd, 086179.500, 140
Trd, 086179.800, 140
Trd, 086180.000, 139
Trd, 086180.233, 120
Trd, 086180.567, 119
Trd, 086180.883, 114
Trd, 086180.950, 110
Trd, 086181.300, 114
Trd, 086181.367, 104
Trd, 086181.400, 113
Trd, 086181.450, 115
Trd, 086181.800, 116
Trd, 086182.350, 118
Trd, 086182.717, 112
Trd, 086183.400, 140
Trd, 086183.867, 140
Trd, 086184.183, 138
Trd, 086184.433, 124
Trd, 086184.683, 122
Trd, 086185.033, 120
Trd, 086185.133, 108
Trd, 086185.150, 128
Trd, 086185.333, 112
Trd, 086185.350, 101
Trd, 086185.417, 98
Trd, 086185.450, 130
Trd, 086185.533, 91
Trd, 086185.850, 140
Trd, 086186.083, 139
Trd, 086186.367, 132
Trd, 086186.417, 130
Trd, 086186.767, 124
Trd, 086186.933, 135
Trd, 086186.983, 117
Trd, 086187.200, 135
Trd, 086187.400, 130
Trd, 086187.483, 132
Trd, 086187.533, 138
Trd, 086187.567, 116
Trd, 086187.650, 114
Trd, 086187.917, 139
Trd, 086188.233, 139
Trd, 086188.400, 138
Trd, 086188.733, 118
Trd, 086188.883, 111
Trd, 086189.200, 131
Trd, 086189.350, 110
Trd, 086189.950, 129
Trd, 086190.583, 138
Trd, 086191.183, 136
Trd, 086191.317, 135
Trd, 086191.633, 135
Trd, 086191.917, 134
Trd, 086192.033, 121
Trd, 086192.217, 127
Trd, 086192.533, 119
Trd, 086192.750, 125
Trd, 086192.917, 119
Trd, 086193.000, 118
Trd, 086193.267, 123
Trd, 086193.367, 124
Trd, 086193.583, 116
Trd, 086194.100, 110
Trd, 086194.217, 105
Trd, 086194.750, 109
Trd, 086194.950, 110
Trd, 086195.083, 111
Trd, 086195.467, 116
Trd, 086195.783, 115
Trd, 086195.900, 117
Trd, 086195.967, 125
Trd, 086196.417, 114
Trd, 086196.483, 119
Trd, 086196.517, 110
Trd, 086196.917, 140
Trd, 086197.383, 108
Trd, 086197.450, 113
Trd, 086197.700, 117
Trd, 086197.783, 107
Trd, 086198.117, 94
Trd, 086198.200, 124
Trd, 086198.283, 93
Trd, 086198.767, 133
Trd, 086198.917, 140
Trd, 086199.167, 140
Trd, 086199.617, 117
Trd, 086199.633, 114
Trd, 086199.733, 109
Trd, 086200.183, 127
Trd, 086200.250, 123
Trd, 086200.583, 108
Trd, 086200.717, 106
Trd, 086200.733, 107
Trd, 086201.033, 110
Trd, 086201.233, 105
Trd, 086201.600, 124
Trd, 086201.867, 99
Trd, 086201.917, 89
Trd, 086202.283, 98
Trd, 086202.300, 99
Trd, 086202.333, 90
Trd, 086202.500, 100
Trd, 086203.017, 99
Trd, 086203.100, 100
Trd, 086203.183, 128
Trd, 086203.433, 128
Trd, 086203.583, 128
Trd, 086204.033, 131
Trd, 086204.600, 139
Trd, 086204.617, 138
Trd, 086204.867, 134
Trd, 086205.367, 139
Trd, 086205.433, 119
Trd, 086205.750, 138
Trd, 086206.017, 129
Trd, 086206.150, 136
Trd, 086206.517, 130
Trd, 086206.850, 133
Trd, 086206.917, 130
Trd, 086207.033, 132
Trd, 086207.233, 135
Trd, 086207.400, 128
Trd, 086207.583, 126
Trd, 086208.817, 128
Trd, 086208.883, 137
Trd, 086209.000, 119
Trd, 086209.150, 125
Trd, 086209.183, 106
Trd, 086209.317, 138
Trd, 086209.533, 104
Trd, 086209.900, 106
Trd, 086209.967, 107
Trd, 086210.083, 105
Trd, 086210.233, 127
Trd, 086210.333, 90
Trd, 086210.533, 101
Trd, 086210.717, 129
Trd, 086210.817, 131
Trd, 086210.900, 125
Trd, 086211.083, 117
Trd, 086211.667, 134
Trd, 086211.800, 133
Trd, 086212.433, 111
Trd, 086212.483, 106
Trd, 086212.517, 110
Trd, 086212.583, 98
Trd, 086212.783, 94
Trd, 086212.950, 83
Trd, 086213.033, 74
Trd, 086213.233, 60
Trd, 086213.383, 110
Trd, 086213.717, 112
Trd, 086214.150, 130
Trd, 086214.200, 136
Trd, 086214.300, 114
Trd, 086214.483, 108
Trd, 086214.533, 107
Trd, 086215.483, 137
Trd, 086216.033, 135
Trd, 086216.483, 134
Trd, 086216.617, 137
Trd, 086216.667, 122
Trd, 086216.883, 113
Trd, 086217.217, 134
Trd, 086217.300, 131
Trd, 086217.317, 124
Trd, 086217.717, 118
Trd, 086217.883, 87
Trd, 086217.950, 93
Trd, 086218.117, 98
Trd, 086218.767, 94
Trd, 086218.883, 65
Trd, 086219.050, 104
Trd, 086219.550, 139
Trd, 086219.733, 139
Trd, 086219.800, 139
Trd, 086220.200, 124
Trd, 086220.217, 123
Trd, 086220.283, 123
Trd, 086220.567, 140
Trd, 086220.733, 139
Trd, 086221.317, 139
Trd, 086221.550, 138
Trd, 086221.567, 137
Trd, 086222.750, 129
Trd, 086223.033, 134
Trd, 086223.067, 135
Trd, 086223.283, 133
Trd, 086223.483, 107
Trd, 086223.550, 103
Trd, 086223.567, 101
Trd, 086223.583, 120
Trd, 086224.167, 123
Trd, 086224.300, 120
Trd, 086224.367, 108
Trd, 086224.550, 130
Trd, 086224.583, 132
Trd, 086224.633, 133
Trd, 086224.967, 117
Trd, 086225.067, 106
Trd, 086225.300, 140
Trd, 086225.533, 139
Trd, 086225.600, 138
Trd, 086225.833, 138
Trd, 086226.200, 122
Trd, 086227.183, 134
Trd, 086227.250, 121
Trd, 086227.533, 121
Trd, 086227.767, 102
Trd, 086227.933, 122
Trd, 086227.967, 92
Trd, 086227.983, 86
Trd, 086228.467, 130
Trd, 086228.483, 129
Trd, 086228.500, 128
Trd, 086229.083, 124
Trd, 086229.200, 119
Trd, 086229.417, 106
Trd, 086229.867, 138
Trd, 086230.217, 137
Trd, 086230.417, 137
Trd, 086230.833, 138
Trd, 086231.017, 137
Trd, 086231.117, 136
Trd, 086231.517, 130
Trd, 086232.017, 135
Trd, 086232.083, 140
Trd, 086232.267, 140
Trd, 086232.333, 140
Trd, 086232.617, 140
Trd, 086232.767, 140
Trd, 086233.017, 140
Trd, 086233.083, 131
Trd, 086233.150, 131
Trd, 086233.283, 123
Trd, 086233.467, 98
Trd, 086233.817, 133
Trd, 086233.900, 126
Trd, 086234.017, 120
Trd, 086234.067, 92
Trd, 086234.217, 82
Trd, 086235.683, 140
Trd, 086235.983, 140
Trd, 086236.617, 140
Trd, 086236.667, 140
Trd, 086236.900, 140
Trd, 086236.983, 140
Trd, 086237.117, 139
Trd, 086237.383, 138
Trd, 086237.683, 118
Trd, 086238.100, 136
Trd, 086238.117, 130
Trd, 086238.217, 116
Trd, 086238.483, 115
Trd, 086238.850, 112
Trd, 086239.017, 122
Trd, 086239.050, 125
Trd, 086239.467, 132
Trd, 086239.533, 132
Trd, 086239.783, 119
Trd, 086239.850, 131
Trd, 086239.917, 131
Trd, 086240.000, 126
Trd, 086240.433, 132
Trd, 086240.467, 119
Trd, 086240.500, 119
Trd, 086240.583, 112
Trd, 086240.667, 114
Trd, 086240.750, 129
Trd, 086241.150, 111
Trd, 086241.183, 110
Trd, 086241.417, 88
Trd, 086241.683, 98
Trd, 086241.700, 108
Trd, 086242.317, 126
Trd, 086242.400, 119
Trd, 086242.900, 102
Trd, 086242.950, 95
Trd, 086243.250, 105
Trd, 086243.617, 125
Trd, 086243.750, 132
Trd, 086243.817, 120
Trd, 086243.950, 110
Trd, 086244.033, 74
Trd, 086244.083, 63
Trd, 086244.350, 116
Trd, 086244.650, 115
Trd, 086245.050, 114
Trd, 086245.133, 113
Trd, 086245.283, 123
Trd, 086245.483, 114
Trd, 086245.517, 128
Trd, 086245.567, 122
Trd, 086246.000, 62
Trd, 086246.033, 63
Trd, 086246.400, 116
Trd, 086246.667, 122
Trd, 086246.800, 120
Trd, 086246.850, 117
Trd, 086247.550, 134
Trd, 086247.650, 123
Trd, 086247.717, 109
Trd, 086247.883, 74
Trd, 086248.217, 65
Trd, 086248.383, 71
Trd, 086248.900, 117
Trd, 086249.133, 101
Trd, 086249.300, 98
Trd, 086249.367, 124
Trd, 086249.700, 95
Trd, 086249.750, 104
Trd, 086250.133, 97
Trd, 086250.183, 97
Trd, 086250.650, 119
Trd, 086250.783, 116
Trd, 086250.950, 106
Trd, 086251.067, 107
Trd, 086251.417, 105
Trd, 086251.683, 103
Trd, 086251.917, 106
Trd, 086252.117, 108
Trd, 086252.183, 130
Trd, 086252.467, 139
Trd, 086252.583, 108
Trd, 086252.817, 112
Trd, 086252.900, 102
Trd, 086253.217, 139
Trd, 086253.317, 101
Trd, 086253.933, 138
Trd, 086254.300, 138
Trd, 086254.700, 140
Trd, 086254.900, 140
Trd, 086255.300, 134
Trd, 086255.350, 133
Trd, 086255.483, 120
Trd, 086255.650, 125
Trd, 086255.917, 113
Trd, 086256.233, 112
Trd, 086256.400, 133
Trd, 086256.517, 110
Trd, 086256.600, 134
Trd, 086256.850, 117
Trd, 086257.200, 103
Trd, 086257.500, 121
Trd, 086257.583, 86
Trd, 086257.600, 82
Trd, 086257.867, 63
Trd, 086257.933, 63
Trd, 086258.150, 77
Trd, 086258.650, 125
Trd, 086258.783, 133
Trd, 086259.183, 140
Trd, 086259.217, 140
Trd, 086259.583, 122
Trd, 086260.333, 101
Trd, 086260.600, 93
Trd, 086260.633, 116
Trd, 086260.833, 124
Trd, 086260.850, 115
Trd, 086260.917, 95
Trd, 086261.083, 92
Trd, 086261.600, 131
Trd, 086261.683, 132
Trd, 086261.767, 125
Trd, 086261.900, 133
Trd, 086262.650, 125
Trd, 086262.950, 125
Trd, 086263.367, 131
Trd, 086263.383, 123
Trd, 086263.467, 132
Trd, 086263.900, 139
Trd, 086264.033, 132
Trd, 086264.783, 139
Trd, 086264.800, 140
Trd, 086265.333, 139
Trd, 086265.400, 138
Trd, 086265.700, 125
Trd, 086266.033, 124
Trd, 086266.133, 123
Trd, 086266.217, 115
Trd, 086266.333, 128
Trd, 086266.450, 120
Trd, 086266.533, 130
Trd, 086266.783, 120
Trd, 086267.267, 137
Trd, 086267.333, 123
Trd, 086267.717, 136
Trd, 086267.783, 117
Trd, 086267.850, 110
Trd, 086267.933, 136
Trd, 086268.250, 127
Trd, 086268.283, 119
Trd, 086268.667, 83
Trd, 086269.000, 104
Trd, 086269.217, 114
Trd, 086269.300, 113
Trd, 086269.417, 79
Trd, 086269.500, 73
Trd, 086269.617, 90
Trd, 086270.250, 140
Trd, 086270.283, 136
Trd, 086270.700, 137
Trd, 086270.783, 129
Trd, 086270.850, 128
Trd, 086271.383, 129
Trd, 086271.533, 140
Trd, 086271.967, 124
Trd, 086272.250, 139
Trd, 086272.533, 137
Trd, 086272.967, 119
Trd, 086273.600, 133
Trd, 086273.717, 134
Trd, 086274.300, 133
Trd, 086274.317, 132
Trd, 086274.333, 136
Trd, 086274.617, 129
Trd, 086274.750, 106
Trd, 086274.767, 96
Trd, 086274.950, 95
Trd, 086275.033, 131
Trd, 086275.283, 128
Trd, 086275.850, 127
Trd, 086275.950, 117
Trd, 086275.967, 118
Trd, 086276.183, 127
Trd, 086276.400, 136
Trd, 086276.500, 109
Trd, 086276.683, 101
Trd, 086276.833, 121
Trd, 086277.633, 107
Trd, 086277.733, 131
Trd, 086277.867, 134
Trd, 086277.883, 131
Trd, 086277.917, 110
Trd, 086278.200, 140
Trd, 086278.333, 109
Trd, 086278.517, 109
Trd, 086278.567, 102
Trd, 086279.117, 115
Trd, 086279.233, 112
Trd, 086279.467, 102
Trd, 086279.600, 93
Trd, 086279.783, 81
Trd, 086279.883, 70
Trd, 086280.017, 94
Trd, 086280.333, 62
Trd, 086280.600, 112
Trd, 086281.183, 138
Trd, 086281.417, 131
Trd, 086281.783, 126
Trd, 086282.217, 133
Trd, 086282.267, 125
Trd, 086282.350, 124
Trd, 086282.417, 134
Trd, 086282.500, 127
Trd, 086282.750, 131
Trd, 086283.317, 132
Trd, 086283.550, 123
Trd, 086283.767, 131
Trd, 086283.900, 125
Trd, 086284.000, 124
Trd, 086284.183, 122
Trd, 086284.417, 100
Trd, 086284.900, 117
Trd, 086285.333, 140
Trd, 086285.567, 140
Trd, 086285.800, 127
Trd, 086286.217, 135
Trd, 086286.400, 132
Trd, 086286.533, 132
Trd, 086286.717, 117
Trd, 086287.033, 104
Trd, 086287.183, 132
Trd, 086287.450, 129
Trd, 086288.733, 135
Trd, 086288.817, 135
Trd, 086289.183, 134
Trd, 086289.283, 133
Trd, 086289.433, 125
Trd, 086289.933, 118
Trd, 086290.400, 135
Trd, 086290.967, 133
Trd, 086290.983, 134
Trd, 086291.000, 129
Trd, 086291.217, 137
Trd, 086291.483, 137
Trd, 086291.617, 129
Trd, 086291.750, 128
Trd, 086291.867, 136
Trd, 086291.950, 123
Trd, 086292.000, 120
Trd, 086292.083, 122
Trd, 086293.367, 133
Trd, 086293.517, 132
Trd, 086293.533, 130
Trd, 086293.583, 124
Trd, 086293.783, 114
Trd, 086293.800, 133
Trd, 086293.983, 100
Trd, 086294.333, 126
Trd, 086295.000, 139
Trd, 086295.017, 130
Trd, 086295.200, 131
Trd, 086295.317, 130
Trd, 086295.400, 129
Trd, 086295.533, 127
Trd, 086295.733, 113
Trd, 086296.200, 140
Trd, 086296.417, 112
Trd, 086296.717, 111
Trd, 086297.017, 109
Trd, 086297.267, 121
Trd, 086297.283, 109
Trd, 086297.317, 97
Trd, 086298.200, 98
Trd, 086298.283, 93
Trd, 086298.417, 117
Trd, 086298.483, 118
Trd, 086298.683, 129
Trd, 086298.817, 122
Trd, 086298.867, 92
Trd, 086299.100, 114
Trd, 086299.133, 115
Trd, 086299.217, 100
Trd, 086299.383, 92
Trd, 086299.683, 79
Trd, 086300.067, 138
Trd, 086300.217, 104
Trd, 086300.233, 83
Trd, 086300.300, 92
Trd, 086301.117, 140
Trd, 086301.200, 139
Trd, 086301.367, 125
Trd, 086301.500, 126
Trd, 086301.567, 124
Trd, 086301.633, 125
Trd, 086301.917, 120
Trd, 086302.017, 119
Trd, 086302.083, 107
Trd, 086302.467, 117
Trd, 086302.483, 120
Trd, 086302.600, 137
Trd, 086302.917, 120
Trd, 086303.283, 140
Trd, 086303.300, 129
Trd, 086303.783, 137
Trd, 086303.983, 131
Trd, 086304.117, 140
Trd, 086304.550, 116
Trd, 086304.583, 115
Trd, 086304.850, 124
Trd, 086304.883, 110
Trd, 086305.083, 119
Trd, 086305.250, 140
Trd, 086305.367, 117
Trd, 086305.567, 115
Trd, 086305.917, 118
Trd, 086306.283, 102
Trd, 086306.667, 138
Trd, 086307.683, 122
Trd, 086308.367, 130
Trd, 086308.400, 123
Trd, 086308.817, 131
Trd, 086309.083, 113
Trd, 086309.233, 126
Trd, 086309.467, 121
Trd, 086309.483, 126
Trd, 086309.617, 114
Trd, 086309.633, 112
Trd, 086309.917, 115
Trd, 086309.967, 119
Trd, 086310.317, 107
Trd, 086310.350, 119
Trd, 086310.500, 130
Trd, 086310.567, 102
Trd, 086310.750, 104
Trd, 086310.783, 100
Trd, 086311.283, 108
Trd, 086311.517, 128
Trd, 086311.800, 132
Trd, 086312.033, 115
Trd, 086312.350, 120
Trd, 086312.700, 140
Trd, 086312.850, 120
Trd, 086313.100, 140
Trd, 086313.400, 140
Trd, 086314.467, 132
Trd, 086314.717, 131
Trd, 086314.733, 133
Trd, 086315.217, 134
Trd, 086315.333, 136
Trd, 086315.417, 136
Trd, 086315.883, 127
Trd, 086316.100, 137
Trd, 086316.317, 138
Trd, 086316.417, 126
Trd, 086316.867, 140
Trd, 086317.017, 140
Trd, 086317.417, 139
Trd, 086317.833, 138
Trd, 086317.883, 135
Trd, 086318.000, 131
Trd, 086318.167, 130
Trd, 086318.217, 126
Trd, 086318.600, 136
Trd, 086318.800, 138
Trd, 086319.433, 135
Trd, 086319.683, 135
Trd, 086320.383, 132
Trd, 086320.500, 126
Trd, 086320.633, 133
Trd, 086320.717, 127
Trd, 086320.900, 130
Trd, 086320.950, 135
Trd, 086320.983, 138
Trd, 086321.300, 136
Trd, 086321.533, 125
Trd, 086321.567, 125
Trd, 086322.483, 140
Trd, 086322.500, 140
Trd, 086322.633, 138
Trd, 086323.000, 132
Trd, 086323.033, 131
Trd, 086323.167, 130
Trd, 086323.667, 123
Trd, 086323.950, 126
Trd, 086324.100, 132
Trd, 086324.133, 121
Trd, 086324.150, 120
Trd, 086324.883, 109
Trd, 086325.117, 127
Trd, 086325.200, 128
Trd, 086325.367, 123
Trd, 086325.450, 129
Trd, 086325.833, 137
Trd, 086326.067, 122
Trd, 086326.150, 122
Trd, 086326.283, 109
Trd, 086326.450, 98
Trd, 086326.650, 135
Trd, 086326.850, 136
Trd, 086326.883, 135
Trd, 086327.017, 98
Trd, 086327.367, 90
Trd, 086327.400, 102
Trd, 086327.433, 126
Trd, 086327.517, 127
Trd, 086327.750, 128
Trd, 086328.800, 125
Trd, 086329.467, 127
Trd, 086329.900, 137
Trd, 086329.917, 136
Trd, 086330.400, 139
Trd, 086330.650, 128
Trd, 086330.750, 122
Trd, 086330.767, 131
Trd, 086330.933, 113
Trd, 086330.983, 110
Trd, 086331.000, 109
Trd, 086331.133, 130
Trd, 086331.367, 130
Trd, 086331.617, 111
Trd, 086331.817, 128
Trd, 086332.150, 125
Trd, 086332.200, 127
Trd, 086332.450, 129
Trd, 086332.933, 134
Trd, 086333.050, 116
Trd, 086333.650, 131
Trd, 086334.017, 140
Trd, 086334.133, 140
Trd, 086334.467, 139
Trd, 086334.633, 138
Trd, 086334.800, 137
Trd, 086335.083, 137
Trd, 086335.233, 135
Trd, 086335.267, 132
Trd, 086335.667, 126
Trd, 086335.683, 131
Trd, 086336.050, 124
Trd, 086336.100, 123
Trd, 086336.150, 109
Trd, 086336.367, 118
Trd, 086336.450, 129
Trd, 086336.567, 131
Trd, 086336.600, 107
Trd, 086337.083, 109
Trd, 086337.550, 131
Trd, 086337.917, 140
Trd, 086338.283, 127
Trd, 086338.317, 126
Trd, 086338.383, 110
Trd, 086338.700, 123
Trd, 086338.717, 131
Trd, 086338.767, 110
Trd, 086338.783, 101
Trd, 086339.417, 139
Trd, 086339.467, 97
Trd, 086339.617, 93
Trd, 086339.650, 104
Trd, 086339.933, 136
Trd, 086340.167, 108
Trd, 086340.983, 138
Trd, 086341.300, 131
Trd, 086341.317, 134
Trd, 086341.450, 129
Trd, 086341.633, 131
Trd, 086341.667, 134
Trd, 086342.033, 126
Trd, 086342.133, 122
Trd, 086342.450, 101
Trd, 086342.633, 75
Trd, 086343.167, 78
Trd, 086343.367, 72
Trd, 086343.467, 93
Trd, 086343.483, 70
Trd, 086343.800, 106
Trd, 086344.233, 84
Trd, 086344.267, 96
Trd, 086344.383, 107
Trd, 086344.650, 108
Trd, 086344.717, 108
Trd, 086345.017, 82
Trd, 086345.417, 103
Trd, 086346.183, 101
Trd, 086346.250, 100
Trd, 086346.417, 102
Trd, 086346.500, 99
Trd, 086346.600, 109
Trd, 086347.050, 138
Trd, 086347.083, 132
Trd, 086347.233, 131
Trd, 086348.033, 117
Trd, 086348.050, 101
Trd, 086348.183, 133
Trd, 086348.517, 124
Trd, 086348.933, 140
Trd, 086349.183, 140
Trd, 086349.200, 140
Trd, 086349.417, 140
Trd, 086349.633, 138
Trd, 086349.867, 135
Trd, 086350.733, 132
Trd, 086350.850, 120
Trd, 086351.467, 118
Trd, 086351.667, 116
Trd, 086351.933, 121
Trd, 086352.133, 120
Trd, 086352.217, 121
Trd, 086352.267, 116
Trd, 086352.550, 118
Trd, 086352.983, 119
Trd, 086353.333, 127
Trd, 086353.367, 128
Trd, 086353.517, 105
Trd, 086353.800, 107
Trd, 086353.883, 128
Trd, 086353.950, 125
Trd, 086354.333, 115
Trd, 086354.450, 103
Trd, 086354.500, 127
Trd, 086354.550, 128
Trd, 086354.833, 84
Trd, 086355.067, 78
Trd, 086355.217, 110
Trd, 086355.500, 124
Trd, 086355.900, 123
Trd, 086356.133, 97
Trd, 086356.183, 96
Trd, 086356.733, 114
Trd, 086356.983, 74
Trd, 086357.033, 115
Trd, 086357.117, 114
Trd, 086357.750, 133
Trd, 086358.067, 125
Trd, 086358.267, 135
Trd, 086359.367, 139
Trd, 086359.850, 139
Trd, 086359.933, 138
Trd, 086360.183, 139
Trd, 086360.433, 140
Trd, 086360.617, 137
Trd, 086360.800, 116
Trd, 086360.833, 114
Trd, 086360.967, 120
Trd, 086361.350, 140
Trd, 086362.000, 135
Trd, 086362.700, 130
Trd, 086362.833, 129
Trd, 086362.900, 128
Trd, 086362.983, 133
Trd, 086363.033, 126
Trd, 086363.483, 132
Trd, 086363.600, 133
Trd, 086363.667, 130
Trd, 086363.733, 130
Trd, 086363.867, 123
Trd, 086364.150, 131
Trd, 086364.800, 140
Trd, 086365.000, 140
Trd, 086365.033, 139
Trd, 086365.133, 137
Trd, 086365.700, 135
Trd, 086366.067, 103
Trd, 086366.383, 94
Trd, 086367.117, 120
Trd, 086367.250, 118
Trd, 086367.417, 111
Trd, 086367.517, 118
Trd, 086367.817, 120
Trd, 086367.833, 122
Trd, 086368.100, 115
Trd, 086368.500, 122
Trd, 086368.783, 114
Trd, 086368.850, 113
Trd, 086369.083, 116
Trd, 086369.350, 111
Trd, 086369.600, 110
Trd, 086370.100, 105
Trd, 086370.267, 85
Trd, 086370.283, 118
Trd, 086370.367, 118
Trd, 086370.550, 119
Trd, 086370.917, 87
Trd, 086371.017, 84
Trd, 086371.150, 83
Trd, 086371.333, 100
Trd, 086371.600, 140
Trd, 086371.800, 139
Trd, 086371.917, 132
Trd, 086372.150, 69
Trd, 086372.983, 129
Trd, 086373.233, 116
Trd, 086373.567, 125
Trd, 086373.717, 126
Trd, 086373.833, 139
Trd, 086373.917, 118
Trd, 086373.967, 115
Trd, 086374.233, 133
Trd, 086374.300, 134
Trd, 086374.500, 116
Trd, 086374.583, 117
Trd, 086374.783, 110
Trd, 086375.183, 104
Trd, 086375.433, 120
Trd, 086375.483, 96
Trd, 086375.683, 94
Trd, 086375.950, 97
Trd, 086376.283, 83
Trd, 086376.350, 97
Trd, 086376.567, 108
Trd, 086376.600, 138
Trd, 086377.100, 116
Trd, 086377.233, 137
Trd, 086377.767, 134
Trd, 086377.917, 118
Trd, 086378.083, 137
Trd, 086378.100, 115
Trd, 086378.817, 113
Trd, 086378.917, 112
Trd, 086379.283, 109
Trd, 086379.383, 90
Trd, 086379.483, 89
Trd, 086379.583, 113
Trd, 086379.667, 86
Trd, 086379.867, 111
Trd, 086379.933, 72
Trd, 086380.133, 123
Trd, 086380.367, 104
Trd, 086380.617, 113
Trd, 086380.700, 121
Trd, 086381.067, 110
Trd, 086381.767, 121
Trd, 086381.900, 117
Trd, 086381.983, 116
Trd, 086382.033, 120
Trd, 086382.267, 121
Trd, 086382.633, 123
Trd, 086382.917, 139
Trd, 086383.167, 131
Trd, 086383.700, 140
Trd, 086384.717, 136
Trd, 086384.900, 135
Trd, 086384.983, 131
Trd, 086385.083, 122
Trd, 086385.483, 140
Trd, 086385.783, 140
Trd, 086385.900, 140
Trd, 086386.167, 140
Trd, 086386.367, 140
Trd, 086386.383, 139
Trd, 086386.617, 137
Trd, 086386.800, 136
Trd, 086386.983, 133
Trd, 086387.000, 136
Trd, 086387.567, 109
Trd, 086387.650, 126
Trd, 086387.733, 131
Trd, 086388.117, 109
Trd, 086388.150, 108
Trd, 086388.300, 100
Trd, 086389.017, 111
Trd, 086389.367, 107
Trd, 086389.450, 113
Trd, 086389.600, 122
Trd, 086389.717, 122
Trd, 086389.750, 123
Trd, 086390.150, 129
Trd, 086390.250, 131
Trd, 086390.300, 118
Trd, 086390.467, 117
Trd, 086390.967, 115
Trd, 086391.100, 127
Trd, 086391.550, 129
Trd, 086391.667, 128
Trd, 086391.950, 118
Trd, 086392.100, 128
Trd, 086392.167, 130
Trd, 086392.433, 116
Trd, 086392.467, 129
Trd, 086392.700, 130
Trd, 086392.817, 132
Trd, 086392.850, 116
Trd, 086392.883, 115
Trd, 086393.850, 140
Trd, 086393.867, 134
Trd, 086394.333, 114
Trd, 086394.583, 125
Trd, 086394.750, 99
Trd, 086394.800, 95
Trd, 086395.117, 140
Trd, 086395.267, 140
Trd, 086395.383, 140
Trd, 086395.667, 136
Trd, 086396.333, 140
Trd, 086396.633, 139
Trd, 086396.700, 129
Trd, 086396.767, 114
Trd, 086396.867, 113
Trd, 086397.050, 110
Trd, 086397.233, 113
Trd, 086397.467, 138
Trd, 086398.850, 140
Trd, 086398.983, 140
Trd, 086399.100, 140
Trd, 086399.133, 139
Trd, 086399.950, 140
